<?xml version = "1.0" encoding = "UTF-8"?>
  <collection xmlns="http://www.loc.gov/MARC21/slim"
xmlns:xsi="http://www.w3.org/2001/XMLSchema-instance"
xsi:schemaLocation="http://www.loc.gov/MARC21/slim
http://www.loc.gov/standards/marcxml/schema/MARC21slim.xsd">
    <record xmlns="http://www.loc.gov/MARC21/slim"
xmlns:xsi="http://www.w3.org/2001/XMLSchema-instance"
xsi:schemaLocation="http://www.loc.gov/MARC21/slim
http://www.loc.gov/standards/marcxml/schema/MARC21slim.xsd">
      <leader>     cam a2200493Ii 4500</leader>
      <controlfield tag="001">034366121</controlfield>
      <datafield tag="245" ind1="1" ind2="0">
        <subfield code="a">Abdominal imaging /</subfield>
        <subfield code="c">[edited by] Dushyant V. Sahani, Anthony E. Samir.</subfield>
      </datafield>
      <datafield tag="500" ind1=" " ind2=" ">
        <subfield code="a">Revised edition of: Abdominal imaging / [edited by] Dushyant V. Sahani, Anthony E. Samir. 1st ed. ©2011</subfield>
      </datafield>
    </record>