

<record xmlns="http://www.loc.gov/MARC21/slim"
xmlns:xsi="http://www.w3.org/2001/XMLSchema-instance"
xsi:schemaLocation="http://www.loc.gov/MARC21/slim
http://www.loc.gov/standards/marcxml/schema/MARC21slim.xsd">
  <leader>     cam a2200601Ia 4500</leader>
  <controlfield tag="001">034719688</controlfield>
  <datafield tag="245" ind1="1" ind2="0">
    <subfield code="a">Atlas of laparoscopic and robotic urologic surgery /</subfield>
    <subfield code="c">[edited by] Jay T. Bishoff, Louis R. Kavoussi.</subfield>
  </datafield>
  <datafield tag="500" ind1=" " ind2=" ">
    <subfield code="a">Preceded by: Atlas of laparoscopic urologic surgery / [edited by] Jay T. Bishoff, Louis R. Kavoussi. c2007.</subfield>
  </datafield>
</record>