

<record xmlns="http://www.loc.gov/MARC21/slim"
xmlns:xsi="http://www.w3.org/2001/XMLSchema-instance"
xsi:schemaLocation="http://www.loc.gov/MARC21/slim
http://www.loc.gov/standards/marcxml/schema/MARC21slim.xsd">
  <leader>     cam  22004578i 4500</leader>
  <controlfield tag="001">034570573</controlfield>
  <datafield tag="245" ind1="1" ind2="0">
    <subfield code="a">Bates&apos; guide to physical examination and history taking /</subfield>
    <subfield code="c">Lynn S. Bickley, Peter G. Szilagyi ; guest editor, Richard M. Hoffman.</subfield>
  </datafield>
</record>