

<record xmlns="http://www.loc.gov/MARC21/slim"
xmlns:xsi="http://www.w3.org/2001/XMLSchema-instance"
xsi:schemaLocation="http://www.loc.gov/MARC21/slim
http://www.loc.gov/standards/marcxml/schema/MARC21slim.xsd">
  <leader>     cam a2200685Ii 4500</leader>
  <controlfield tag="001">034669014</controlfield>
  <datafield tag="245" ind1="1" ind2="0">
    <subfield code="a">Introduction to Bayesian statistics /</subfield>
    <subfield code="c">William M. Bolstad.</subfield>
  </datafield>
</record>