

<record xmlns="http://www.loc.gov/MARC21/slim"
xmlns:xsi="http://www.w3.org/2001/XMLSchema-instance"
xsi:schemaLocation="http://www.loc.gov/MARC21/slim
http://www.loc.gov/standards/marcxml/schema/MARC21slim.xsd">
  <leader>     nam a2200469Ii 4500</leader>
  <controlfield tag="001">034619592</controlfield>
  <datafield tag="245" ind1="1" ind2="0">
    <subfield code="a">What your patients need to know about psychiatric medications /</subfield>
    <subfield code="c">Robert H. Chew, Robert E. Hales, Stuart C. Yudofsky.</subfield>
  </datafield>
</record>