

<record xmlns="http://www.loc.gov/MARC21/slim"
xmlns:xsi="http://www.w3.org/2001/XMLSchema-instance"
xsi:schemaLocation="http://www.loc.gov/MARC21/slim
http://www.loc.gov/standards/marcxml/schema/MARC21slim.xsd">
  <leader>     cam a2200529Ii 4500</leader>
  <controlfield tag="001">034529601</controlfield>
  <datafield tag="245" ind1="1" ind2="0">
    <subfield code="a">Emergency surgery of the hand /</subfield>
    <subfield code="c">edited by Michel Merle and Gilles Dautel ; coordinated by Lim Aymeric Y.T. ; foreword by L. Scott Levin ; illustrations by C. Witt-Deguillaume and C. Martinet.</subfield>
  </datafield>
</record>