

<record xmlns="http://www.loc.gov/MARC21/slim"
xmlns:xsi="http://www.w3.org/2001/XMLSchema-instance"
xsi:schemaLocation="http://www.loc.gov/MARC21/slim
http://www.loc.gov/standards/marcxml/schema/MARC21slim.xsd">
  <leader>     ntm  2200361Ii 4500</leader>
  <controlfield tag="001">034114941</controlfield>
  <datafield tag="245" ind1="1" ind2="0">
    <subfield code="a">Grant&apos;s dissector /</subfield>
    <subfield code="c">Alan J. Detton.</subfield>
  </datafield>
  <datafield tag="500" ind1=" " ind2=" ">
    <subfield code="a">Preceded by Grant&apos;s dissector. 15th ed. / Patrick W. Tank. c2013.</subfield>
  </datafield>
  <datafield tag="500" ind1=" " ind2=" ">
    <subfield code="a">Includes index.</subfield>
  </datafield>
</record>