

<record xmlns="http://www.loc.gov/MARC21/slim"
xmlns:xsi="http://www.w3.org/2001/XMLSchema-instance"
xsi:schemaLocation="http://www.loc.gov/MARC21/slim
http://www.loc.gov/standards/marcxml/schema/MARC21slim.xsd">
  <leader>     cam  2200481Ii 4500</leader>
  <controlfield tag="001">034194225</controlfield>
  <datafield tag="245" ind1="1" ind2="0">
    <subfield code="a">Emergency radiology</subfield>
    <subfield code="b">the requisites /</subfield>
    <subfield code="c">[edited by] Jorge A. Soto, Brian C. Lucey.</subfield>
  </datafield>
  <datafield tag="500" ind1=" " ind2=" ">
    <subfield code="a">Revision of: Emergency radiology : the requisites / Jorge A. Soto, Brian C. Lucey. ©2009.</subfield>
  </datafield>
</record>