

<record xmlns="http://www.loc.gov/MARC21/slim"
xmlns:xsi="http://www.w3.org/2001/XMLSchema-instance"
xsi:schemaLocation="http://www.loc.gov/MARC21/slim
http://www.loc.gov/standards/marcxml/schema/MARC21slim.xsd">
  <leader>     nam  2200373Ii 4500</leader>
  <controlfield tag="001">034224064</controlfield>
  <datafield tag="245" ind1="1" ind2="0">
    <subfield code="a">Ferri&apos;s clinical advisor 2017 :</subfield>
    <subfield code="b">5 books in 1 /</subfield>
    <subfield code="c">Fred F. Ferri.</subfield>
  </datafield>
</record>