

<record xmlns="http://www.loc.gov/MARC21/slim"
xmlns:xsi="http://www.w3.org/2001/XMLSchema-instance"
xsi:schemaLocation="http://www.loc.gov/MARC21/slim
http://www.loc.gov/standards/marcxml/schema/MARC21slim.xsd">
  <leader>     ntm  2200469Ii 4500</leader>
  <controlfield tag="001">034022951</controlfield>
  <datafield tag="245" ind1="1" ind2="0">
    <subfield code="a">Textbook of histology /</subfield>
    <subfield code="c">Leslie P. Gartner.</subfield>
  </datafield>
  <datafield tag="500" ind1=" " ind2=" ">
    <subfield code="a">Preceded by: Color textbook of histology / Leslie P. Gartner, James L. Hiatt. 3rd ed. 2007.</subfield>
  </datafield>
</record>