

<record xmlns="http://www.loc.gov/MARC21/slim"
xmlns:xsi="http://www.w3.org/2001/XMLSchema-instance"
xsi:schemaLocation="http://www.loc.gov/MARC21/slim
http://www.loc.gov/standards/marcxml/schema/MARC21slim.xsd">
  <leader>     cam  2200601Ki 4500</leader>
  <controlfield tag="001">034366130</controlfield>
  <datafield tag="245" ind1="1" ind2="0">
    <subfield code="a">Dermatology :</subfield>
    <subfield code="b">an illustrated colour text /</subfield>
    <subfield code="c">David J. Gawkrodger and Michael R. Ardern-Jones.</subfield>
  </datafield>
</record>