

<record xmlns="http://www.loc.gov/MARC21/slim"
xmlns:xsi="http://www.w3.org/2001/XMLSchema-instance"
xsi:schemaLocation="http://www.loc.gov/MARC21/slim
http://www.loc.gov/standards/marcxml/schema/MARC21slim.xsd">
  <leader>     cam  2200385Ki 4500</leader>
  <controlfield tag="001">034224111</controlfield>
  <datafield tag="245" ind1="1" ind2="0">
    <subfield code="a">Immunology for medical students /</subfield>
    <subfield code="c">Matthew Helbert.</subfield>
  </datafield>
  <datafield tag="500" ind1=" " ind2=" ">
    <subfield code="a">Preceded by: Immunology for medical students / Roderick Nairn, Matthew Helbert. 2nd ed. c2007.</subfield>
  </datafield>
  <datafield tag="500" ind1=" " ind2=" ">
    <subfield code="a">Includes index.</subfield>
  </datafield>
  <datafield tag="500" ind1=" " ind2=" ">
    <subfield code="a">Preceded by: Immunology for medical students / Roderick Nairn, Matthew Helbert. 2nd ed. c2007.</subfield>
  </datafield>
  <datafield tag="500" ind1=" " ind2=" ">
    <subfield code="a">Includes index.</subfield>
  </datafield>
</record>