

<record xmlns="http://www.loc.gov/MARC21/slim"
xmlns:xsi="http://www.w3.org/2001/XMLSchema-instance"
xsi:schemaLocation="http://www.loc.gov/MARC21/slim
http://www.loc.gov/standards/marcxml/schema/MARC21slim.xsd">
  <leader>     cam a2200721Ii 4500</leader>
  <controlfield tag="001">034529591</controlfield>
  <datafield tag="245" ind1="1" ind2="0">
    <subfield code="a">Hematopathology /</subfield>
    <subfield code="c">[edited by] Elaine S. Jaffe, Daniel A. Arber, Elias Campo, Nancy Lee Harris, Leticia Quintanilla-Martinez.</subfield>
  </datafield>
  <datafield tag="500" ind1=" " ind2=" ">
    <subfield code="a">Revised edition of: Hematopathology / [edited by] Elaine S. Jaffe [and others]. 1st ed. ©2011.</subfield>
  </datafield>
</record>