

<record xmlns="http://www.loc.gov/MARC21/slim"
xmlns:xsi="http://www.w3.org/2001/XMLSchema-instance"
xsi:schemaLocation="http://www.loc.gov/MARC21/slim
http://www.loc.gov/standards/marcxml/schema/MARC21slim.xsd">
  <leader>     cam a2200541Ii 4500</leader>
  <controlfield tag="001">034529579</controlfield>
  <datafield tag="245" ind1="1" ind2="0">
    <subfield code="a">Nunn&apos;s applied respiratory physiology /</subfield>
    <subfield code="c">Andrew B. Lumb ; foreword by Ronald Pearl.</subfield>
  </datafield>
  <datafield tag="500" ind1=" " ind2=" ">
    <subfield code="a">Revised edition of: Nunn&apos;s applied respiratory physiology / Andrew B. Lamb. 7th ed. ©2011.</subfield>
  </datafield>
</record>