

<record xmlns="http://www.loc.gov/MARC21/slim"
xmlns:xsi="http://www.w3.org/2001/XMLSchema-instance"
xsi:schemaLocation="http://www.loc.gov/MARC21/slim
http://www.loc.gov/standards/marcxml/schema/MARC21slim.xsd">
  <leader>     cam a2200613Ii 4500</leader>
  <controlfield tag="001">034537281</controlfield>
  <datafield tag="245" ind1="1" ind2="0">
    <subfield code="a">Clinical chemistry /</subfield>
    <subfield code="c">William J. Marshall, Andrew Day, Marta Lapsley.</subfield>
  </datafield>
  <datafield tag="500" ind1=" " ind2=" ">
    <subfield code="a">Post-renal acute kidney injury</subfield>
  </datafield>
</record>