

<record xmlns="http://www.loc.gov/MARC21/slim"
xmlns:xsi="http://www.w3.org/2001/XMLSchema-instance"
xsi:schemaLocation="http://www.loc.gov/MARC21/slim
http://www.loc.gov/standards/marcxml/schema/MARC21slim.xsd">
  <leader>     nam a2200385Ii 4500</leader>
  <controlfield tag="001">034621716</controlfield>
  <datafield tag="245" ind1="1" ind2="0">
    <subfield code="a">Pocket journal club :</subfield>
    <subfield code="b">essential articles in general surgery /</subfield>
    <subfield code="c">[edited by] Laura M. Mazer, Kiran Lagisetty, Kathryn L. Butler.</subfield>
  </datafield>
</record>