

<record xmlns="http://www.loc.gov/MARC21/slim"
xmlns:xsi="http://www.w3.org/2001/XMLSchema-instance"
xsi:schemaLocation="http://www.loc.gov/MARC21/slim
http://www.loc.gov/standards/marcxml/schema/MARC21slim.xsd">
  <leader>     cam  2200481Ii 4500</leader>
  <controlfield tag="001">034650767</controlfield>
  <datafield tag="245" ind1="1" ind2="0">
    <subfield code="a">Precision medicine :</subfield>
    <subfield code="b">a guide to genomics in clinical practice /</subfield>
    <subfield code="c">Jeanette J. McCarthy, Bryce A. Mendelsohn.</subfield>
  </datafield>
</record>