

<record xmlns="http://www.loc.gov/MARC21/slim"
xmlns:xsi="http://www.w3.org/2001/XMLSchema-instance"
xsi:schemaLocation="http://www.loc.gov/MARC21/slim
http://www.loc.gov/standards/marcxml/schema/MARC21slim.xsd">
  <leader>     nam  2200481Ii 4500</leader>
  <controlfield tag="001">034226277</controlfield>
  <datafield tag="245" ind1="1" ind2="0">
    <subfield code="a">Medical physiology /</subfield>
    <subfield code="c">[edited by] Walter F. Boron, Emile L. Boulpaep.</subfield>
  </datafield>
  <datafield tag="500" ind1=" " ind2=" ">
    <subfield code="a">Revised edition of: Medical physiology / [edited by] Walter F. Boron, Emile L. Boulpaep. Updated second edition. [2012]</subfield>
  </datafield>
</record>