

<record xmlns="http://www.loc.gov/MARC21/slim"
xmlns:xsi="http://www.w3.org/2001/XMLSchema-instance"
xsi:schemaLocation="http://www.loc.gov/MARC21/slim
http://www.loc.gov/standards/marcxml/schema/MARC21slim.xsd">
  <leader>     cam a22006138i 4500</leader>
  <controlfield tag="001">034720357</controlfield>
  <datafield tag="245" ind1="1" ind2="0">
    <subfield code="a">Principles of medical biochemistry /</subfield>
    <subfield code="c">Gerhard Meisenberg, William H. Simmons.</subfield>
  </datafield>
</record>