

<record xmlns="http://www.loc.gov/MARC21/slim"
xmlns:xsi="http://www.w3.org/2001/XMLSchema-instance"
xsi:schemaLocation="http://www.loc.gov/MARC21/slim
http://www.loc.gov/standards/marcxml/schema/MARC21slim.xsd">
  <leader>     cam a2200613Ii 4500</leader>
  <controlfield tag="001">034529583</controlfield>
  <datafield tag="245" ind1="1" ind2="0">
    <subfield code="a">Myocardial infarction :</subfield>
    <subfield code="b">a companion to Braunwald&apos;s heart disease /</subfield>
    <subfield code="c">[edited by] David A. Morrow.</subfield>
  </datafield>
  <datafield tag="500" ind1=" " ind2=" ">
    <subfield code="a">Companion to: Braunwald&apos;s heart disease / Douglas L. Mann, Douglas P. Zipes, Peter Libby, Robert O. Bonow. Tenth edition. [2015].</subfield>
  </datafield>
</record>