

<record xmlns="http://www.loc.gov/MARC21/slim"
xmlns:xsi="http://www.w3.org/2001/XMLSchema-instance"
xsi:schemaLocation="http://www.loc.gov/MARC21/slim
http://www.loc.gov/standards/marcxml/schema/MARC21slim.xsd">
  <leader>     nam  2200529Ki 4500</leader>
  <controlfield tag="001">034194237</controlfield>
  <datafield tag="245" ind1="1" ind2="0">
    <subfield code="a">Ob/gyn secrets /</subfield>
    <subfield code="c">[edited by] Amanda Mularz, Steven Dalati, Ryan Pedigo.</subfield>
  </datafield>
</record>