

<record xmlns="http://www.loc.gov/MARC21/slim"
xmlns:xsi="http://www.w3.org/2001/XMLSchema-instance"
xsi:schemaLocation="http://www.loc.gov/MARC21/slim
http://www.loc.gov/standards/marcxml/schema/MARC21slim.xsd">
  <leader>     cam  2200361Ii 4500</leader>
  <controlfield tag="001">034224222</controlfield>
  <datafield tag="245" ind1="1" ind2="0">
    <subfield code="a">Obstetrics :</subfield>
    <subfield code="b">normal and problem pregnancies /</subfield>
    <subfield code="c">[edited by] Steven G. Gabbe [and 8 others].</subfield>
  </datafield>
</record>