

<record xmlns="http://www.loc.gov/MARC21/slim"
xmlns:xsi="http://www.w3.org/2001/XMLSchema-instance"
xsi:schemaLocation="http://www.loc.gov/MARC21/slim
http://www.loc.gov/standards/marcxml/schema/MARC21slim.xsd">
  <leader>     cam  22003498i 4500</leader>
  <controlfield tag="001">034335168</controlfield>
  <datafield tag="245" ind1="1" ind2="0">
    <subfield code="a">Instant work-ups</subfield>
    <subfield code="h">[online resource] :</subfield>
    <subfield code="b">a clinical guide to medicine /</subfield>
    <subfield code="c">Theodore X. O&apos;Connell.</subfield>
  </datafield>
  <datafield tag="500" ind1=" " ind2=" ">
    <subfield code="a">Preceded by Instant workups / Theodore X. O&apos;Connell. c2008.</subfield>
  </datafield>
</record>