

<record xmlns="http://www.loc.gov/MARC21/slim"
xmlns:xsi="http://www.w3.org/2001/XMLSchema-instance"
xsi:schemaLocation="http://www.loc.gov/MARC21/slim
http://www.loc.gov/standards/marcxml/schema/MARC21slim.xsd">
  <leader>     cam a2200349Ii 4500</leader>
  <controlfield tag="001">034723980</controlfield>
  <datafield tag="245" ind1="1" ind2="0">
    <subfield code="a">Pediatric critical care /</subfield>
    <subfield code="c">[edited by] Bradley P. Fuhrman, Jerry J. Zimmerman, Joseph A. Carcillo, Robert S.B. Clark, Monica Relvas, Alexandre T. Rotta, Ann E. Thompson, Joseph D. Tobias.</subfield>
  </datafield>
</record>