

<record xmlns="http://www.loc.gov/MARC21/slim"
xmlns:xsi="http://www.w3.org/2001/XMLSchema-instance"
xsi:schemaLocation="http://www.loc.gov/MARC21/slim
http://www.loc.gov/standards/marcxml/schema/MARC21slim.xsd">
  <leader>     cam  22004578i 4500</leader>
  <controlfield tag="001">034585330</controlfield>
  <datafield tag="245" ind1="1" ind2="0">
    <subfield code="a">Pediatric radiology :</subfield>
    <subfield code="b">the requisites /</subfield>
    <subfield code="c">[edited by] Michele Walters, Richard L. Robertson Jr.</subfield>
  </datafield>
  <datafield tag="500" ind1=" " ind2=" ">
    <subfield code="a">Preceded by: Pediatric radiology / Johan G. Blickman, Bruce R. Parker, Patrick D. Barnes. 3rd ed. c2009.</subfield>
  </datafield>
</record>