

<record xmlns="http://www.loc.gov/MARC21/slim"
xmlns:xsi="http://www.w3.org/2001/XMLSchema-instance"
xsi:schemaLocation="http://www.loc.gov/MARC21/slim
http://www.loc.gov/standards/marcxml/schema/MARC21slim.xsd">
  <leader>     nam  2200409Ii 4500</leader>
  <controlfield tag="001">034233785</controlfield>
  <datafield tag="245" ind1="1" ind2="0">
    <subfield code="a">Principles of pharmacology :</subfield>
    <subfield code="b">the pathophysiologic basis of drug therapy /</subfield>
    <subfield code="c">David E. Golan, editor in chief ; Ehrin J. Armstrong, April W. Armstrong, associate editors.</subfield>
  </datafield>
</record>