

<record xmlns="http://www.loc.gov/MARC21/slim"
xmlns:xsi="http://www.w3.org/2001/XMLSchema-instance"
xsi:schemaLocation="http://www.loc.gov/MARC21/slim
http://www.loc.gov/standards/marcxml/schema/MARC21slim.xsd">
  <leader>     cam  2200553Ii 4500</leader>
  <controlfield tag="001">034062176</controlfield>
  <datafield tag="245" ind1="1" ind2="0">
    <subfield code="a">Oral pathology :</subfield>
    <subfield code="b">clinical pathologic correlations /</subfield>
    <subfield code="c">Joseph A. Regezi, James J. Sciubba, Richard C.K. Jordan.</subfield>
  </datafield>
  <datafield tag="500" ind1=" " ind2=" ">
    <subfield code="a">Revision of: Oral pathology : clinical pathologic correlations / Joseph A. Regezi, James J. Sciubba, Richard C.K. Jordan. 6th ed. ©2012.</subfield>
  </datafield>
</record>