

<record xmlns="http://www.loc.gov/MARC21/slim"
xmlns:xsi="http://www.w3.org/2001/XMLSchema-instance"
xsi:schemaLocation="http://www.loc.gov/MARC21/slim
http://www.loc.gov/standards/marcxml/schema/MARC21slim.xsd">
  <leader>     nam  22002053  4500</leader>
  <controlfield tag="001">034224196</controlfield>
  <datafield tag="245" ind1="1" ind2="0">
    <subfield code="a">Netter Collection of Medical Illustrations :</subfield>
    <subfield code="b">Digestive System: Part II - Lower Digestive Tract.</subfield>
  </datafield>
</record>