

<record xmlns="http://www.loc.gov/MARC21/slim"
xmlns:xsi="http://www.w3.org/2001/XMLSchema-instance"
xsi:schemaLocation="http://www.loc.gov/MARC21/slim
http://www.loc.gov/standards/marcxml/schema/MARC21slim.xsd">
  <leader>     cam  22002653  4500</leader>
  <controlfield tag="001">034224189</controlfield>
  <datafield tag="245" ind1="1" ind2="0">
    <subfield code="a">Netter collection of medical illustrations :</subfield>
    <subfield code="b">Digestive System: Part I - The Upper Digestive Tract.</subfield>
  </datafield>
</record>