

<record xmlns="http://www.loc.gov/MARC21/slim"
xmlns:xsi="http://www.w3.org/2001/XMLSchema-instance"
xsi:schemaLocation="http://www.loc.gov/MARC21/slim
http://www.loc.gov/standards/marcxml/schema/MARC21slim.xsd">
  <leader>     cam  2200529 i 4500</leader>
  <controlfield tag="001">034398010</controlfield>
  <datafield tag="245" ind1="1" ind2="0">
    <subfield code="a">Essentials of the U.S. health care system /</subfield>
    <subfield code="c">Leiyu Shi and Douglas Singh</subfield>
  </datafield>
</record>