

<record xmlns="http://www.loc.gov/MARC21/slim"
xmlns:xsi="http://www.w3.org/2001/XMLSchema-instance"
xsi:schemaLocation="http://www.loc.gov/MARC21/slim
http://www.loc.gov/standards/marcxml/schema/MARC21slim.xsd">
  <leader>     cam a2200589Ii 4500</leader>
  <controlfield tag="001">034627801</controlfield>
  <datafield tag="245" ind1="1" ind2="0">
    <subfield code="a">Rockwood and Matsen&apos;s the shoulder /</subfield>
    <subfield code="c">[edited by] Charles A. Rockwood, Jr., Frederick A. Matsen, III, Michael A. Wirth, Steven B. Lippitt, Edward V. Fehringer, John W. Sperling ; associate editors, Samuel Antuña, Aaron J. Bois, Frank A. Cordasco, Jason E. Hsu.</subfield>
  </datafield>
  <datafield tag="500" ind1=" " ind2=" ">
    <subfield code="a">Description based upon print version of record.</subfield>
  </datafield>
  <datafield tag="500" ind1=" " ind2=" ">
    <subfield code="a">Shoulder</subfield>
  </datafield>
  <datafield tag="500" ind1=" " ind2=" ">
    <subfield code="a">Preceded by: Shoulder / editors, Charles A. Rockwood Jr. [and others]. 4th ed. ©2009.</subfield>
  </datafield>
</record>