

<record xmlns="http://www.loc.gov/MARC21/slim"
xmlns:xsi="http://www.w3.org/2001/XMLSchema-instance"
xsi:schemaLocation="http://www.loc.gov/MARC21/slim
http://www.loc.gov/standards/marcxml/schema/MARC21slim.xsd">
  <leader>     cam a2200505Ii 4500</leader>
  <controlfield tag="001">034529784</controlfield>
  <datafield tag="245" ind1="1" ind2="0">
    <subfield code="a">Benzel&apos;s spine surgery :</subfield>
    <subfield code="b">techniques, complication avoidance, and management /</subfield>
    <subfield code="c">[edited by] Edward C. Benzel, Michael P. Steinmetz.</subfield>
  </datafield>
</record>