

<record xmlns="http://www.loc.gov/MARC21/slim"
xmlns:xsi="http://www.w3.org/2001/XMLSchema-instance"
xsi:schemaLocation="http://www.loc.gov/MARC21/slim
http://www.loc.gov/standards/marcxml/schema/MARC21slim.xsd">
  <leader>     cam  2200409Ki 4500</leader>
  <controlfield tag="001">034650771</controlfield>
  <datafield tag="245" ind1="1" ind2="0">
    <subfield code="a">Case files.</subfield>
    <subfield code="p">Internal medicine /</subfield>
    <subfield code="c">Eugene C. Toy, John T. Patlan Jr., Mark Warner.</subfield>
  </datafield>
</record>