

<record xmlns="http://www.loc.gov/MARC21/slim"
xmlns:xsi="http://www.w3.org/2001/XMLSchema-instance"
xsi:schemaLocation="http://www.loc.gov/MARC21/slim
http://www.loc.gov/standards/marcxml/schema/MARC21slim.xsd">
  <leader>     cam  2200469Li 4500</leader>
  <controlfield tag="001">034057401</controlfield>
  <datafield tag="245" ind1="1" ind2="0">
    <subfield code="a">Diagnosis and treatment planning in dentistry /</subfield>
    <subfield code="c">[edited by] Stephen J. Stefanac, Samuel P. Nesbit.</subfield>
  </datafield>
  <datafield tag="500" ind1=" " ind2=" ">
    <subfield code="a">Preceded by Treatment planning in dentistry / [edited by] Stephen J. Stefanac, Samuel Paul Nesbit. 2nd ed. c2007.</subfield>
  </datafield>
</record>