

<record xmlns="http://www.loc.gov/MARC21/slim"
xmlns:xsi="http://www.w3.org/2001/XMLSchema-instance"
xsi:schemaLocation="http://www.loc.gov/MARC21/slim
http://www.loc.gov/standards/marcxml/schema/MARC21slim.xsd">
  <leader>     nam  2200517Ii 4500</leader>
  <controlfield tag="001">034224175</controlfield>
  <datafield tag="245" ind1="1" ind2="0">
    <subfield code="a">Musculoskeletal imaging :</subfield>
    <subfield code="b">case review /</subfield>
    <subfield code="c">Joseph S. Yu.</subfield>
  </datafield>
  <datafield tag="500" ind1=" " ind2=" ">
    <subfield code="a">Revised edition of: Musculoskeletal imaging/ Joseph S. Yu. 2nd ed. ©2008.</subfield>
  </datafield>
</record>