

<record xmlns="http://www.loc.gov/MARC21/slim"
xmlns:xsi="http://www.w3.org/2001/XMLSchema-instance"
xsi:schemaLocation="http://www.loc.gov/MARC21/slim
http://www.loc.gov/standards/marcxml/schema/MARC21slim.xsd">
  <leader>     cam a22004693i 4500</leader>
  <controlfield tag="001">034724892</controlfield>
  <datafield tag="245" ind1="0" ind2="0">
    <subfield code="a">Textbook of critical care /</subfield>
    <subfield code="c">editors, Mitchell P. Fink, Jean-Louis Vincent, Edward Abraham, Frederick A. Moore, Patrick M. Kochanek.</subfield>
  </datafield>
  <datafield tag="500" ind1=" " ind2=" ">
    <subfield code="a">Preceded by Textbook of critical care / [edited by] Jean-Louis Vincent [and others]. 6th ed. c2011.</subfield>
  </datafield>
</record>