

<record xmlns="http://www.loc.gov/MARC21/slim"
xmlns:xsi="http://www.w3.org/2001/XMLSchema-instance"
xsi:schemaLocation="http://www.loc.gov/MARC21/slim
http://www.loc.gov/standards/marcxml/schema/MARC21slim.xsd">
  <leader>     cam a2200577Ki 4500</leader>
  <controlfield tag="001">034720227</controlfield>
  <datafield tag="245" ind1="0" ind2="0">
    <subfield code="a">Principles of hand surgery and therapy /</subfield>
    <subfield code="c">[edited by] Thomas E. Trumble, Ghazi M. Rayan, Jeffrey E. Budoff, Mark E. Baratz, David J. Slutsky.</subfield>
  </datafield>
</record>