

<record xmlns="http://www.loc.gov/MARC21/slim"
xmlns:xsi="http://www.w3.org/2001/XMLSchema-instance"
xsi:schemaLocation="http://www.loc.gov/MARC21/slim
http://www.loc.gov/standards/marcxml/schema/MARC21slim.xsd">
  <leader>     cam a2200493Ki 4500</leader>
  <controlfield tag="001">034691902</controlfield>
  <datafield tag="245" ind1="0" ind2="0">
    <subfield code="a">Study guide to geriatric psychiatry :</subfield>
    <subfield code="b">a companion to The American Psychiatric Publishing textbook of geriatric psychiatry, fifth edition /</subfield>
    <subfield code="c">Philip R. Muskin, L. Dickerman</subfield>
  </datafield>
</record>