

<record xmlns="http://www.loc.gov/MARC21/slim"
xmlns:xsi="http://www.w3.org/2001/XMLSchema-instance"
xsi:schemaLocation="http://www.loc.gov/MARC21/slim
http://www.loc.gov/standards/marcxml/schema/MARC21slim.xsd">
  <leader>     cam a2200541Mi 4500</leader>
  <controlfield tag="001">034633066</controlfield>
  <datafield tag="245" ind1="0" ind2="0">
    <subfield code="a">Taylor and Hoyt&apos;s Pediatric ophthalmology and strabismus /</subfield>
    <subfield code="c">[edited by] Scott R. Lambert, Christopher J. Lyons.</subfield>
  </datafield>
  <datafield tag="500" ind1=" " ind2=" ">
    <subfield code="a">Revision of: Pediatric ophthalmology and strabismus / [edited by] Creig S. Hoyt, David Taylor. 4th ed. 2013.</subfield>
  </datafield>
</record>