

<record xmlns="http://www.loc.gov/MARC21/slim"
xmlns:xsi="http://www.w3.org/2001/XMLSchema-instance"
xsi:schemaLocation="http://www.loc.gov/MARC21/slim
http://www.loc.gov/standards/marcxml/schema/MARC21slim.xsd">
  <leader>     cam a2200469Ii 4500</leader>
  <controlfield tag="001">034629196</controlfield>
  <datafield tag="245" ind1="0" ind2="0">
    <subfield code="a">Video atlas of neurosurgery :</subfield>
    <subfield code="b">contemporary tumor and skull base surgery /</subfield>
    <subfield code="c">edited by Alfredo Quiñones-Hinojosa ; video editor Jordina Rincon-Torroella.</subfield>
  </datafield>
</record>