

<record xmlns="http://www.loc.gov/MARC21/slim"
xmlns:xsi="http://www.w3.org/2001/XMLSchema-instance"
xsi:schemaLocation="http://www.loc.gov/MARC21/slim
http://www.loc.gov/standards/marcxml/schema/MARC21slim.xsd">
  <leader>     nam a2200541Ii 4500</leader>
  <controlfield tag="001">034628134</controlfield>
  <datafield tag="245" ind1="0" ind2="0">
    <subfield code="a">Campbell&apos;s operative orthopaedics /</subfield>
    <subfield code="c">[edited by] Frederick M. Azar, James H. Beaty, S. Terry Canale ; editorial assistance, Kay Daugherty, Linda Jones ; art coordination by Shawn Maxey.</subfield>
  </datafield>
  <datafield tag="500" ind1=" " ind2=" ">
    <subfield code="a">Revised edition of: Campbell&apos;s operative orthopaedics / [edited by] Terry Canale and James H. Beaty. 12th ed. ©2013.</subfield>
  </datafield>
  <datafield tag="500" ind1=" " ind2=" ">
    <subfield code="a">Revised edition of: Campbell&apos;s operative orthopaedics / [edited by] Terry Canale and James H. Beaty. 12th ed. ©2013.</subfield>
  </datafield>
</record>