

<record xmlns="http://www.loc.gov/MARC21/slim"
xmlns:xsi="http://www.w3.org/2001/XMLSchema-instance"
xsi:schemaLocation="http://www.loc.gov/MARC21/slim
http://www.loc.gov/standards/marcxml/schema/MARC21slim.xsd">
  <leader>     cam  2200517Ii 4500</leader>
  <controlfield tag="001">034585241</controlfield>
  <datafield tag="245" ind1="0" ind2="0">
    <subfield code="a">Atlas of abdominal wall reconstruction /</subfield>
    <subfield code="c">[edited by] Michael J. Rosen.</subfield>
  </datafield>
</record>