

<record xmlns="http://www.loc.gov/MARC21/slim"
xmlns:xsi="http://www.w3.org/2001/XMLSchema-instance"
xsi:schemaLocation="http://www.loc.gov/MARC21/slim
http://www.loc.gov/standards/marcxml/schema/MARC21slim.xsd">
  <leader>     cam a2200637Ii 4500</leader>
  <controlfield tag="001">034539465</controlfield>
  <datafield tag="245" ind1="0" ind2="0">
    <subfield code="a">American Academy of Pediatrics textbook of pediatric care /</subfield>
    <subfield code="c">Thomas K. McInerny, MD, FAAP; Henry M. Adam, MD, FAAP; Deborah E. Campbell, MD, FAAP; Thomas G. DeWitt, MD, FAAP; Jane Meschan Foy, MD, FAAP; Deepak M. Kamat, MD, PhD, FAAP.</subfield>
  </datafield>
</record>