

<record xmlns="http://www.loc.gov/MARC21/slim"
xmlns:xsi="http://www.w3.org/2001/XMLSchema-instance"
xsi:schemaLocation="http://www.loc.gov/MARC21/slim
http://www.loc.gov/standards/marcxml/schema/MARC21slim.xsd">
  <leader>     cam a2200409Ki 4500</leader>
  <controlfield tag="001">034537284</controlfield>
  <datafield tag="245" ind1="0" ind2="0">
    <subfield code="a">Comprehensive gynecology /</subfield>
    <subfield code="c">[edited by] Roger A. Lobo, David M. Gershenson, Gretchen M. Lentz, Fidel A. Valea.</subfield>
  </datafield>
  <datafield tag="500" ind1=" " ind2=" ">
    <subfield code="a">Preceded by Comprehensive gynecology / [edited by] Gretchen M. Lentz [and others]. 6th ed. c2012.</subfield>
  </datafield>
</record>