

<record xmlns="http://www.loc.gov/MARC21/slim"
xmlns:xsi="http://www.w3.org/2001/XMLSchema-instance"
xsi:schemaLocation="http://www.loc.gov/MARC21/slim
http://www.loc.gov/standards/marcxml/schema/MARC21slim.xsd">
  <leader>     cam a2200529Ii 4500</leader>
  <controlfield tag="001">034531570</controlfield>
  <datafield tag="245" ind1="0" ind2="0">
    <subfield code="a">Callen&apos;s ultrasonography in obstetrics and gynecology /</subfield>
    <subfield code="c">[edited by] Mary E. Norton, MD, Leslie Scoutt, Vickie A. Feldstein.</subfield>
  </datafield>
  <datafield tag="500" ind1=" " ind2=" ">
    <subfield code="a">Revised edition of: Ultrasonography in obstetrics and gynecology / [edited by] Peter W. Callen. 5th ed. ©2008.</subfield>
  </datafield>
</record>