

<record xmlns="http://www.loc.gov/MARC21/slim"
xmlns:xsi="http://www.w3.org/2001/XMLSchema-instance"
xsi:schemaLocation="http://www.loc.gov/MARC21/slim
http://www.loc.gov/standards/marcxml/schema/MARC21slim.xsd">
  <leader>     nam a2200601Ii 4500</leader>
  <controlfield tag="001">034529587</controlfield>
  <datafield tag="245" ind1="0" ind2="0">
    <subfield code="a">Kelley and Firestein&apos;s textbook of rheumatology /</subfield>
    <subfield code="c">[edited by] Gary S. Firestein, Sherine E. Gabriel, Iain B. McInnes, James R. O&apos;Dell.</subfield>
  </datafield>
  <datafield tag="500" ind1=" " ind2=" ">
    <subfield code="a">Revised edition of: Kelley&apos;s textbook of rheumatology / Gary S. Firestein [and others]. 9th ed. c2013.</subfield>
  </datafield>
</record>