

<record xmlns="http://www.loc.gov/MARC21/slim"
xmlns:xsi="http://www.w3.org/2001/XMLSchema-instance"
xsi:schemaLocation="http://www.loc.gov/MARC21/slim
http://www.loc.gov/standards/marcxml/schema/MARC21slim.xsd">
  <leader>     cam a22007098i 4500</leader>
  <controlfield tag="001">034529576</controlfield>
  <datafield tag="245" ind1="0" ind2="0">
    <subfield code="a">Radiology secrets plus /</subfield>
    <subfield code="c">[edited by] Drew A. Torigian, Parvati Ramchandani.</subfield>
  </datafield>
  <datafield tag="500" ind1=" " ind2=" ">
    <subfield code="a">Revised edition of: Radiology secrets plus / [edited by] E. Scott Pretorius, Jeffrey A. Solomon. 3rd ed. c2011.</subfield>
  </datafield>
</record>