

<record xmlns="http://www.loc.gov/MARC21/slim"
xmlns:xsi="http://www.w3.org/2001/XMLSchema-instance"
xsi:schemaLocation="http://www.loc.gov/MARC21/slim
http://www.loc.gov/standards/marcxml/schema/MARC21slim.xsd">
  <leader>     cam a2200529Ii 4500</leader>
  <controlfield tag="001">034506913</controlfield>
  <datafield tag="245" ind1="0" ind2="0">
    <subfield code="a">Current medical diagnosis &amp; treatment 2017 /</subfield>
    <subfield code="c">edited by Maxine A. Papadakis, Stephen J. McPhee, associate editor Michael W. Rabow.</subfield>
  </datafield>
  <datafield tag="500" ind1=" " ind2=" ">
    <subfield code="a">&quot;Previous editions copyright 2000 through 2016 by McGraw-Hill Education: copyright © 1987 through 1999 by Appleton &amp; Lange; copyright 1962 through 1986 by Lange Medical Publications&quot;--Title page verso</subfield>
  </datafield>
</record>