

<record xmlns="http://www.loc.gov/MARC21/slim"
xmlns:xsi="http://www.w3.org/2001/XMLSchema-instance"
xsi:schemaLocation="http://www.loc.gov/MARC21/slim
http://www.loc.gov/standards/marcxml/schema/MARC21slim.xsd">
  <leader>     cam a2200457Ii 4500</leader>
  <controlfield tag="001">034400686</controlfield>
  <datafield tag="245" ind1="0" ind2="0">
    <subfield code="a">CT and MRI of the whole body /</subfield>
    <subfield code="c">edited by John R. Haaga, and Daniel T. Boll.</subfield>
  </datafield>
  <datafield tag="500" ind1=" " ind2=" ">
    <subfield code="a">Revised edition of: CT and MRI of the whole body / [edited by] John R. Haaga [and others]. 5th ed. ©2009.</subfield>
  </datafield>
</record>