

<record xmlns="http://www.loc.gov/MARC21/slim"
xmlns:xsi="http://www.w3.org/2001/XMLSchema-instance"
xsi:schemaLocation="http://www.loc.gov/MARC21/slim
http://www.loc.gov/standards/marcxml/schema/MARC21slim.xsd">
  <leader>     cam  22004698i 4500</leader>
  <controlfield tag="001">034362819</controlfield>
  <datafield tag="245" ind1="0" ind2="0">
    <subfield code="a">Principles and practice of hospital medicine /</subfield>
    <subfield code="c">editors, Sylvia C. McKean, John J. Ross, Daniel D. Dressler, Danielle B. Scheurer.</subfield>
  </datafield>
</record>