

<record xmlns="http://www.loc.gov/MARC21/slim"
xmlns:xsi="http://www.w3.org/2001/XMLSchema-instance"
xsi:schemaLocation="http://www.loc.gov/MARC21/slim
http://www.loc.gov/standards/marcxml/schema/MARC21slim.xsd">
  <leader>     nam  2200493Ii 4500</leader>
  <controlfield tag="001">034361046</controlfield>
  <datafield tag="245" ind1="0" ind2="4">
    <subfield code="a">The 5-minute clinical consult premium 2017</subfield>
    <subfield code="c">editor-in-chief, Frank J. Domino, MD, associate editors, Robert A. Baldor, Jeremy Golding, Mark B. Stephens.</subfield>
  </datafield>
</record>