

<record xmlns="http://www.loc.gov/MARC21/slim"
xmlns:xsi="http://www.w3.org/2001/XMLSchema-instance"
xsi:schemaLocation="http://www.loc.gov/MARC21/slim
http://www.loc.gov/standards/marcxml/schema/MARC21slim.xsd">
  <leader>     cam  22004938i 4500</leader>
  <controlfield tag="001">034335183</controlfield>
  <datafield tag="245" ind1="0" ind2="0">
    <subfield code="a">Weir &amp; Abrahams&apos; imaging atlas of human anatomy</subfield>
    <subfield code="h">[electronic resource] /</subfield>
    <subfield code="c">editors, Jonathan D. Spratt, Lonie R. Salkowski, Marios Loukas, Tom Turmezei ; consultant editors, Jamie Weir, Peter H. Abrahams.</subfield>
  </datafield>
  <datafield tag="500" ind1=" " ind2=" ">
    <subfield code="a">Includes index.</subfield>
  </datafield>
  <datafield tag="500" ind1=" " ind2=" ">
    <subfield code="a">Preceded by: Imaging atlas of human anatomy / Jamie Weir [and others]. 4th ed. c2011.</subfield>
  </datafield>
</record>