

<record xmlns="http://www.loc.gov/MARC21/slim"
xmlns:xsi="http://www.w3.org/2001/XMLSchema-instance"
xsi:schemaLocation="http://www.loc.gov/MARC21/slim
http://www.loc.gov/standards/marcxml/schema/MARC21slim.xsd">
  <leader>     cam  22003373i 4500</leader>
  <controlfield tag="001">034335167</controlfield>
  <datafield tag="245" ind1="0" ind2="0">
    <subfield code="a">Fetal and neonatal physiology</subfield>
    <subfield code="h">[electronic resource] /</subfield>
    <subfield code="c">[edited by] Richard A. Polin, Steven H. Abman, David H. Rowitch, William E. Benitz, William W. Fox.</subfield>
  </datafield>
</record>