

<record xmlns="http://www.loc.gov/MARC21/slim"
xmlns:xsi="http://www.w3.org/2001/XMLSchema-instance"
xsi:schemaLocation="http://www.loc.gov/MARC21/slim
http://www.loc.gov/standards/marcxml/schema/MARC21slim.xsd">
  <leader>     cam  22004218i 4500</leader>
  <controlfield tag="001">034224226</controlfield>
  <datafield tag="245" ind1="0" ind2="0">
    <subfield code="a">Sabiston textbook of surgery :</subfield>
    <subfield code="b">the biological basis of modern surgical practic /</subfield>
    <subfield code="c">[edited by] Courtney M. Townsend, Jr, R. Daniel Beauchamp, B. Mark Evers, Kenneth L. Mattox.</subfield>
  </datafield>
  <datafield tag="500" ind1=" " ind2=" ">
    <subfield code="a">Preceded by Sabiston textbook of surgery / [edited by] Courtney M. Townsend Jr. [and others]. 19th ed. 2012.</subfield>
  </datafield>
</record>