

<record xmlns="http://www.loc.gov/MARC21/slim"
xmlns:xsi="http://www.w3.org/2001/XMLSchema-instance"
xsi:schemaLocation="http://www.loc.gov/MARC21/slim
http://www.loc.gov/standards/marcxml/schema/MARC21slim.xsd">
  <leader>     nam  2200385Ii 4500</leader>
  <controlfield tag="001">034224108</controlfield>
  <datafield tag="245" ind1="0" ind2="0">
    <subfield code="a">Green&apos;s operative hand surgery /</subfield>
    <subfield code="c">[edited by] Scott W. Wolfe, Robert N. Hotchkiss, William C. Pederson, Scott H. Kozin, Mark S. Cohen.</subfield>
  </datafield>
</record>