

<record xmlns="http://www.loc.gov/MARC21/slim"
xmlns:xsi="http://www.w3.org/2001/XMLSchema-instance"
xsi:schemaLocation="http://www.loc.gov/MARC21/slim
http://www.loc.gov/standards/marcxml/schema/MARC21slim.xsd">
  <leader>     cam  2200373Mi 4500</leader>
  <controlfield tag="001">034164090</controlfield>
  <datafield tag="245" ind1="0" ind2="0">
    <subfield code="a">Tachdjian&apos;s procedures in pediatric orthopaedics :</subfield>
    <subfield code="b">from the Texas Scottish Rite Hospital for Children /</subfield>
    <subfield code="c">[edited by] John A. Herring.</subfield>
  </datafield>
  <datafield tag="500" ind1=" " ind2=" ">
    <subfield code="a">The procedures are from Tachdjian&apos;s Pediatric Orthopaedics, Fifth Edition.</subfield>
  </datafield>
</record>