

<record xmlns="http://www.loc.gov/MARC21/slim"
xmlns:xsi="http://www.w3.org/2001/XMLSchema-instance"
xsi:schemaLocation="http://www.loc.gov/MARC21/slim
http://www.loc.gov/standards/marcxml/schema/MARC21slim.xsd">
  <leader>     nam  2200313Ii 4500</leader>
  <controlfield tag="001">034164010</controlfield>
  <datafield tag="245" ind1="0" ind2="0">
    <subfield code="a">Human anatomy :</subfield>
    <subfield code="b">color atlas and textbook /</subfield>
    <subfield code="c">J.A. Gosling, MD, MB ChB, FRCS, FAS, Professor of Anatomy, Stanford University, USA; P.F. Harris, MD, MB ChB, MSc, FAS, Emeritus Professor of Anatomy, University of Manchester, UK; J.R. Humpherson, MB ChB, Formerly Senior Lecturer in Anatomy, Faculty of Life Sciences, University of Manchester, UK; I. Whitmore, MD, MB BS, LRCP MRCS, FAS, Professor of Anatomy, Stanford University, USA; P.L.T. Willan, MB ChB, FRCS, Formerly Professor of Anatomy, University of UAE, Al-Ain, United Arab Emirates.</subfield>
  </datafield>
</record>