

<record xmlns="http://www.loc.gov/MARC21/slim"
xmlns:xsi="http://www.w3.org/2001/XMLSchema-instance"
xsi:schemaLocation="http://www.loc.gov/MARC21/slim
http://www.loc.gov/standards/marcxml/schema/MARC21slim.xsd">
  <leader>     cam  2200481Ki 4500</leader>
  <controlfield tag="001">034162440</controlfield>
  <datafield tag="245" ind1="0" ind2="0">
    <subfield code="a">Noyes&apos; knee disorders :</subfield>
    <subfield code="b">surgery, rehabilitation, clinical outcomes /</subfield>
    <subfield code="c">editor, Frank R. Noyes ; associate editor, Sue D. Barber-Westin.</subfield>
  </datafield>
</record>