

<record xmlns="http://www.loc.gov/MARC21/slim"
xmlns:xsi="http://www.w3.org/2001/XMLSchema-instance"
xsi:schemaLocation="http://www.loc.gov/MARC21/slim
http://www.loc.gov/standards/marcxml/schema/MARC21slim.xsd">
  <leader>     nam  2200517Ii 4500</leader>
  <controlfield tag="001">034062770</controlfield>
  <datafield tag="245" ind1="0" ind2="0">
    <subfield code="a">Principles and practice of sleep medicine /</subfield>
    <subfield code="c">[edited by] Meir Kryger, Thomas Roth, William C. Dement.</subfield>
  </datafield>
  <datafield tag="500" ind1=" " ind2=" ">
    <subfield code="a">Revison of: Principles and practice of sleep medicine / [edited by] Meir H. Kryger, Thomas Roth, William C. Dement. 5th ed. ©2011.</subfield>
  </datafield>
</record>