

<record xmlns="http://www.loc.gov/MARC21/slim"
xmlns:xsi="http://www.w3.org/2001/XMLSchema-instance"
xsi:schemaLocation="http://www.loc.gov/MARC21/slim
http://www.loc.gov/standards/marcxml/schema/MARC21slim.xsd">
  <leader>     cam  2200373Mi 4500</leader>
  <controlfield tag="001">034164084</controlfield>
  <datafield tag="245" ind1="1" ind2="0">
    <subfield code="a">Sectional anatomy by MRI and CT /</subfield>
    <subfield code="c">Mark W. Anderson, Michael G. Fox.</subfield>
  </datafield>
  <datafield tag="500" ind1=" " ind2=" ">
    <subfield code="a">Includes index.</subfield>
  </datafield>
  <datafield tag="500" ind1=" " ind2=" ">
    <subfield code="a">Preceded by Sectional anatomy by MRI and CT / Georges Y. El-Khoury, William J. Montgomery, Ronald A. Bergman. 3rd ed. 2007.</subfield>
  </datafield>
</record>