

<record xmlns="http://www.loc.gov/MARC21/slim"
xmlns:xsi="http://www.w3.org/2001/XMLSchema-instance"
xsi:schemaLocation="http://www.loc.gov/MARC21/slim
http://www.loc.gov/standards/marcxml/schema/MARC21slim.xsd">
  <leader>     nam a2200445Ii 4500</leader>
  <controlfield tag="001">034611716</controlfield>
  <datafield tag="245" ind1="1" ind2="0">
    <subfield code="a">Atlas of anatomy /</subfield>
    <subfield code="c">edited by Anne M. Gilroy, Brian R. MacPherson ; based on the work of Michael Schuenke, Erik Schulte, Udo Schumacher ; illustrations by Markus Voll, Karl Wesker.</subfield>
  </datafield>
  <datafield tag="500" ind1=" " ind2=" ">
    <subfield code="a">Includes index.</subfield>
  </datafield>
</record>