

<record xmlns="http://www.loc.gov/MARC21/slim"
xmlns:xsi="http://www.w3.org/2001/XMLSchema-instance"
xsi:schemaLocation="http://www.loc.gov/MARC21/slim
http://www.loc.gov/standards/marcxml/schema/MARC21slim.xsd">
  <leader>01930nam  2200349Ki 4500</leader>
  <controlfield tag="001">033224609</controlfield>
  <datafield tag="245" ind1="1" ind2="0">
    <subfield code="a">Medicine for the outdoors :</subfield>
    <subfield code="b">the essential guide to first aid and medical emergencies /</subfield>
    <subfield code="c">Paul S. Auerbach, MD, MS, FACEP, FAWM, Redlich Family Professor of Surgery, Division of Emergency Medicine, Department of Surgery, Stanford University School of Medicine, Stanford, California.</subfield>
  </datafield>
</record>