

<record xmlns="http://www.loc.gov/MARC21/slim"
xmlns:xsi="http://www.w3.org/2001/XMLSchema-instance"
xsi:schemaLocation="http://www.loc.gov/MARC21/slim
http://www.loc.gov/standards/marcxml/schema/MARC21slim.xsd">
  <leader>     nam  2200349Ki 4500</leader>
  <controlfield tag="001">033388923</controlfield>
  <datafield tag="245" ind1="1" ind2="0">
    <subfield code="a">Kanski&apos;s clinical ophthalmology :</subfield>
    <subfield code="b">a systematic approach /</subfield>
    <subfield code="c">Brad Bowling.</subfield>
  </datafield>
</record>