

<record xmlns="http://www.loc.gov/MARC21/slim"
xmlns:xsi="http://www.w3.org/2001/XMLSchema-instance"
xsi:schemaLocation="http://www.loc.gov/MARC21/slim
http://www.loc.gov/standards/marcxml/schema/MARC21slim.xsd">
  <leader>     nam  2200457Ii 4500</leader>
  <controlfield tag="001">034245316</controlfield>
  <datafield tag="245" ind1="1" ind2="0">
    <subfield code="a">Clinical tests for the musculoskeletal system :</subfield>
    <subfield code="b">examinations, signs, phenomena /</subfield>
    <subfield code="c">Klaus Buckup, MD ; Johannes Buckup, MD [Translator: Alan Wiser].</subfield>
  </datafield>
  <datafield tag="500" ind1=" " ind2=" ">
    <subfield code="a">&quot;This book is an authorized translation of the German edition published and copyrighted 2012 by Georg Thieme Verlag, Stuttgart.&quot;</subfield>
  </datafield>
</record>