

<record xmlns="http://www.loc.gov/MARC21/slim"
xmlns:xsi="http://www.w3.org/2001/XMLSchema-instance"
xsi:schemaLocation="http://www.loc.gov/MARC21/slim
http://www.loc.gov/standards/marcxml/schema/MARC21slim.xsd">
  <leader>     cam  2200553Ii 4500</leader>
  <controlfield tag="001">033539121</controlfield>
  <datafield tag="245" ind1="1" ind2="0">
    <subfield code="a">Memory loss, Alzheimer&apos;s disease, and dementia /</subfield>
    <subfield code="c">Andrew E. Budson, Paul R. Solomon</subfield>
  </datafield>
  <datafield tag="500" ind1=" " ind2=" ">
    <subfield code="a">Description based upon print version of record.</subfield>
  </datafield>
  <datafield tag="500" ind1=" " ind2=" ">
    <subfield code="a">Pathophysiological Diagnosis- An Emerging Trend</subfield>
  </datafield>
  <datafield tag="500" ind1=" " ind2=" ">
    <subfield code="a">Preceded by: Memory loss : a practical guide for clinicians / Andrew E. Burton, Paul R. Solomon. [2011]</subfield>
  </datafield>
</record>