

<record xmlns="http://www.loc.gov/MARC21/slim"
xmlns:xsi="http://www.w3.org/2001/XMLSchema-instance"
xsi:schemaLocation="http://www.loc.gov/MARC21/slim
http://www.loc.gov/standards/marcxml/schema/MARC21slim.xsd">
  <leader>     cam a2200505Ii 4500</leader>
  <controlfield tag="001">034574120</controlfield>
  <datafield tag="245" ind1="1" ind2="0">
    <subfield code="a">Pathophysiology of blood disorders /</subfield>
    <subfield code="c">Jon C. Aster, H. Franklin Bunn.</subfield>
  </datafield>
  <datafield tag="500" ind1=" " ind2=" ">
    <subfield code="a">Previous edition: 2011.</subfield>
  </datafield>
  <datafield tag="500" ind1=" " ind2=" ">
    <subfield code="a">&quot;A Lange medical book.&quot;</subfield>
  </datafield>
</record>