

<record xmlns="http://www.loc.gov/MARC21/slim"
xmlns:xsi="http://www.w3.org/2001/XMLSchema-instance"
xsi:schemaLocation="http://www.loc.gov/MARC21/slim
http://www.loc.gov/standards/marcxml/schema/MARC21slim.xsd">
  <leader>     cam  2200493Ii 4500</leader>
  <controlfield tag="001">033867573</controlfield>
  <datafield tag="245" ind1="1" ind2="0">
    <subfield code="a">Cardiac imaging :</subfield>
    <subfield code="b">the requisites /</subfield>
    <subfield code="c">[edited by] Lawrence M. Boxt, Suhny Abbara.</subfield>
  </datafield>
  <datafield tag="500" ind1=" " ind2=" ">
    <subfield code="a">Preceded by Cardiac imaging / Stephen Wilmot Miller, Lawrence M. Boxt, Suhny Abbara. 3rd ed. c2009.</subfield>
  </datafield>
</record>