

<record xmlns="http://www.loc.gov/MARC21/slim"
xmlns:xsi="http://www.w3.org/2001/XMLSchema-instance"
xsi:schemaLocation="http://www.loc.gov/MARC21/slim
http://www.loc.gov/standards/marcxml/schema/MARC21slim.xsd">
  <leader>     cam  2200373Ii 4500</leader>
  <controlfield tag="001">033988568</controlfield>
  <datafield tag="245" ind1="1" ind2="0">
    <subfield code="a">McCracken&apos;s removable partial prosthodontics</subfield>
    <subfield code="h">[electronic resource] /</subfield>
    <subfield code="c">Alan B. Carr, DMD, MS, David T. Brown, DDS, MS.</subfield>
  </datafield>
</record>