

<record xmlns="http://www.loc.gov/MARC21/slim"
xmlns:xsi="http://www.w3.org/2001/XMLSchema-instance"
xsi:schemaLocation="http://www.loc.gov/MARC21/slim
http://www.loc.gov/standards/marcxml/schema/MARC21slim.xsd">
  <leader>     cam  2200457Ii 4500</leader>
  <controlfield tag="001">033916447</controlfield>
  <datafield tag="245" ind1="1" ind2="0">
    <subfield code="a">Asian blepharoplasty and the eyelid crease /</subfield>
    <subfield code="c">William Pai-Dei Chen ; illustrations by Paul Kim.</subfield>
  </datafield>
  <datafield tag="500" ind1=" " ind2=" ">
    <subfield code="a">Preceded by: Asian blepharoplasty / William Pai-Dei Chen. c2006.</subfield>
  </datafield>
</record>