

<record xmlns="http://www.loc.gov/MARC21/slim"
xmlns:xsi="http://www.w3.org/2001/XMLSchema-instance"
xsi:schemaLocation="http://www.loc.gov/MARC21/slim
http://www.loc.gov/standards/marcxml/schema/MARC21slim.xsd">
  <leader>     cam  2200469Ii 4500</leader>
  <controlfield tag="001">033916522</controlfield>
  <datafield tag="245" ind1="1" ind2="0">
    <subfield code="a">Netter&apos;s orthopaedic clinical examination :</subfield>
    <subfield code="b">an evidence-based approach /</subfield>
    <subfield code="c">Joshua A. Cleland, Shane Koppenhaver, Jonathan Su ; illustrations by Frank H. Netter; contributing illustrators, Carlos A.G. Machado, John A. Craig.</subfield>
  </datafield>
  <datafield tag="500" ind1=" " ind2=" ">
    <subfield code="a">Preceded by: Netter&apos;s orthopaedic clinical examination : an evidence-based approach / Joshua A. Cleland, Shane Koppenhaver. 2nd ed. [2011].</subfield>
  </datafield>
</record>