

<record xmlns="http://www.loc.gov/MARC21/slim"
xmlns:xsi="http://www.w3.org/2001/XMLSchema-instance"
xsi:schemaLocation="http://www.loc.gov/MARC21/slim
http://www.loc.gov/standards/marcxml/schema/MARC21slim.xsd">
  <leader>     cam  2200745Ii 4500</leader>
  <controlfield tag="001">033660721</controlfield>
  <datafield tag="245" ind1="1" ind2="0">
    <subfield code="a">Clinical radiation oncology /</subfield>
    <subfield code="c">senior editors, Leonard L. Gunderson, Joel E. Tepper ; associate editors, Jeffrey A. Bogart [and 7 others].</subfield>
  </datafield>
</record>