

<record xmlns="http://www.loc.gov/MARC21/slim"
xmlns:xsi="http://www.w3.org/2001/XMLSchema-instance"
xsi:schemaLocation="http://www.loc.gov/MARC21/slim
http://www.loc.gov/standards/marcxml/schema/MARC21slim.xsd">
  <leader>     cam  2200685Ii 4500</leader>
  <controlfield tag="001">033857323</controlfield>
  <datafield tag="245" ind1="1" ind2="0">
    <subfield code="a">Autopsy pathology :</subfield>
    <subfield code="b">a manual and atlas /</subfield>
    <subfield code="c">Andrew J. Connolly, Walter E. Finkbeiner, Philip C. Ursell, Richard L. Davis.</subfield>
  </datafield>
</record>