

<record xmlns="http://www.loc.gov/MARC21/slim"
xmlns:xsi="http://www.w3.org/2001/XMLSchema-instance"
xsi:schemaLocation="http://www.loc.gov/MARC21/slim
http://www.loc.gov/standards/marcxml/schema/MARC21slim.xsd">
  <leader>     cam  2200433Ii 4500</leader>
  <controlfield tag="001">033868576</controlfield>
  <datafield tag="245" ind1="1" ind2="0">
    <subfield code="a">Dorfman and Czerniak&apos;s bone tumors /</subfield>
    <subfield code="c">Bogdan Czerniak.</subfield>
  </datafield>
  <datafield tag="500" ind1=" " ind2=" ">
    <subfield code="a">Preceded by: Bone tumors / Howard D. Dorfman, Bogdan Czerniak. c1998.</subfield>
  </datafield>
</record>