

<record xmlns="http://www.loc.gov/MARC21/slim"
xmlns:xsi="http://www.w3.org/2001/XMLSchema-instance"
xsi:schemaLocation="http://www.loc.gov/MARC21/slim
http://www.loc.gov/standards/marcxml/schema/MARC21slim.xsd">
  <leader>     cam  2200457Ki 4500</leader>
  <controlfield tag="001">034194215</controlfield>
  <datafield tag="245" ind1="1" ind2="0">
    <subfield code="a">Dermatological signs of systemic disease /</subfield>
    <subfield code="c">[edited by] Jeffrey P. Callen, Joseph L. Jorizzo, John J. Zone, Warren W. Piette, Misha A. Rosenbach, Ruth Ann Vleugels.</subfield>
  </datafield>
  <datafield tag="500" ind1=" " ind2=" ">
    <subfield code="a">Preceded by Dermatological signs of internal disease / Jeffrey P. Callen [and others]. 4th ed. c2009.</subfield>
  </datafield>
</record>