

<record xmlns="http://www.loc.gov/MARC21/slim"
xmlns:xsi="http://www.w3.org/2001/XMLSchema-instance"
xsi:schemaLocation="http://www.loc.gov/MARC21/slim
http://www.loc.gov/standards/marcxml/schema/MARC21slim.xsd">
  <leader>     cam  2200481Ki 4500</leader>
  <controlfield tag="001">033660745</controlfield>
  <datafield tag="245" ind1="1" ind2="0">
    <subfield code="a">Practical radiation oncology physics :</subfield>
    <subfield code="b">a companion to Gunderson &amp; Tepper&apos;s Clinical radiation oncology /</subfield>
    <subfield code="c">Sonja Dieterich, Eric Ford, Daniel Pavord, Jing Zeng.</subfield>
  </datafield>
  <datafield tag="500" ind1=" " ind2=" ">
    <subfield code="a">Per publisher&apos;s web site, this book is a companion to the fourth edition of Clinical radiation oncology, by Drs. Leonard Gunderson and Joel Tepper.</subfield>
  </datafield>
</record>