

<record xmlns="http://www.loc.gov/MARC21/slim"
xmlns:xsi="http://www.w3.org/2001/XMLSchema-instance"
xsi:schemaLocation="http://www.loc.gov/MARC21/slim
http://www.loc.gov/standards/marcxml/schema/MARC21slim.xsd">
  <leader>     cam  2200601Ii 4500</leader>
  <controlfield tag="001">033857377</controlfield>
  <datafield tag="245" ind1="1" ind2="0">
    <subfield code="a">Ciottone&apos;s disaster medicine /</subfield>
    <subfield code="c">[edited by] Gregory R. Ciottone ; associate editors, Paul D. Biddinger, Robert G. Darling, Saleh Fares, Mark E. Keim, Michael S. Molloy, Selim Suner.</subfield>
  </datafield>
</record>