

<record xmlns="http://www.loc.gov/MARC21/slim"
xmlns:xsi="http://www.w3.org/2001/XMLSchema-instance"
xsi:schemaLocation="http://www.loc.gov/MARC21/slim
http://www.loc.gov/standards/marcxml/schema/MARC21slim.xsd">
  <leader>     cam  2200433Ki 4500</leader>
  <controlfield tag="001">033325120</controlfield>
  <datafield tag="245" ind1="1" ind2="0">
    <subfield code="a">Endocrinology :</subfield>
    <subfield code="b">adult &amp; pediatric /</subfield>
    <subfield code="c">[edited by] J. Larry Jameson, Leslie J. De Groot, David de Kretser, Linda C. Giudice, Ashley Grossman, Shlomo Melmed, John T. Potts, Jr., Gordon C. Weir.</subfield>
  </datafield>
</record>