

<record xmlns="http://www.loc.gov/MARC21/slim"
xmlns:xsi="http://www.w3.org/2001/XMLSchema-instance"
xsi:schemaLocation="http://www.loc.gov/MARC21/slim
http://www.loc.gov/standards/marcxml/schema/MARC21slim.xsd">
  <leader>     nam  2200469Ii 4500</leader>
  <controlfield tag="001">033950249</controlfield>
  <datafield tag="245" ind1="1" ind2="0">
    <subfield code="a">Current practice guidelines in primary care 2016 /</subfield>
    <subfield code="c">Joseph S. Esherick, MD, FAAFP, Daniel S. Clark, MD, FACC, FAHA, Evan D. Slater, MD.</subfield>
  </datafield>
  <datafield tag="500" ind1=" " ind2=" ">
    <subfield code="a">&quot;A Lange medical book.&quot;</subfield>
  </datafield>
</record>