

<record xmlns="http://www.loc.gov/MARC21/slim"
xmlns:xsi="http://www.w3.org/2001/XMLSchema-instance"
xsi:schemaLocation="http://www.loc.gov/MARC21/slim
http://www.loc.gov/standards/marcxml/schema/MARC21slim.xsd">
  <leader>03045cam  22006258i 4500</leader>
  <controlfield tag="001">034013430</controlfield>
  <datafield tag="245" ind1="1" ind2="0">
    <subfield code="a">Quality of life :</subfield>
    <subfield code="b">the assessment, analysis, and reporting of patient-reported outcomes /</subfield>
    <subfield code="c">Peter M. Fayers and David Machin.</subfield>
  </datafield>
</record>