

<record xmlns="http://www.loc.gov/MARC21/slim"
xmlns:xsi="http://www.w3.org/2001/XMLSchema-instance"
xsi:schemaLocation="http://www.loc.gov/MARC21/slim
http://www.loc.gov/standards/marcxml/schema/MARC21slim.xsd">
  <leader>02591cam  22006018i 4500</leader>
  <controlfield tag="001">033389919</controlfield>
  <datafield tag="245" ind1="1" ind2="4">
    <subfield code="a">The eye :</subfield>
    <subfield code="b">basic sciences in practice /</subfield>
    <subfield code="c">John V. Forrester, Andrew D. Dick, Paul G. McMenamin, Fiona Roberts, Eric Pearlman.</subfield>
  </datafield>
  <datafield tag="500" ind1=" " ind2=" ">
    <subfield code="a">Preceded by The eye / John V. Forrester ... [et al.]. 3rd ed. 2008.</subfield>
  </datafield>
  <datafield tag="500" ind1=" " ind2=" ">
    <subfield code="a">&quot;... additional content is provided in the eBook ...&quot;--Page v.</subfield>
  </datafield>
  <datafield tag="590" ind1=" " ind2=" ">
    <subfield code="a">Elsevier Science</subfield>
    <subfield code="b">ScienceDirect All Books</subfield>
  </datafield>
</record>