

<record xmlns="http://www.loc.gov/MARC21/slim"
xmlns:xsi="http://www.w3.org/2001/XMLSchema-instance"
xsi:schemaLocation="http://www.loc.gov/MARC21/slim
http://www.loc.gov/standards/marcxml/schema/MARC21slim.xsd">
  <leader>     nam  2200337Ii 4500</leader>
  <controlfield tag="001">033661363</controlfield>
  <datafield tag="245" ind1="1" ind2="0">
    <subfield code="a">Smith&apos;s recognizable patterns of human deformation /</subfield>
    <subfield code="c">John M. Graham, Jr., Pedro A. Sanchez-Lara.</subfield>
  </datafield>
</record>