

<record xmlns="http://www.loc.gov/MARC21/slim"
xmlns:xsi="http://www.w3.org/2001/XMLSchema-instance"
xsi:schemaLocation="http://www.loc.gov/MARC21/slim
http://www.loc.gov/standards/marcxml/schema/MARC21slim.xsd">
  <leader>     nam  2200445Ii 4500</leader>
  <controlfield tag="001">033802207</controlfield>
  <datafield tag="245" ind1="1" ind2="0">
    <subfield code="a">Current diagnosis &amp; treatment.</subfield>
    <subfield code="p">Gastroenterology, hepatology, and endoscopy /</subfield>
    <subfield code="c">editor, Norton J. Greenberger ; associate editors, Richard S. Blumberg, Robert Barakoff.</subfield>
  </datafield>
</record>