

<record xmlns="http://www.loc.gov/MARC21/slim"
xmlns:xsi="http://www.w3.org/2001/XMLSchema-instance"
xsi:schemaLocation="http://www.loc.gov/MARC21/slim
http://www.loc.gov/standards/marcxml/schema/MARC21slim.xsd">
  <leader>     nam  2200373Ii 4500</leader>
  <controlfield tag="001">033661334</controlfield>
  <datafield tag="245" ind1="1" ind2="0">
    <subfield code="a">Pocket companion to Guyton and Hall textbook of medical physiology /</subfield>
    <subfield code="c">John E. Hall, PhD, Arthur C. Guyton Professor and Chair, Department of Physiology and Biophysics, Director of the Mississippi Center for Obesity Research, University of Mississippi Medical Center, Jackson, Mississippi..</subfield>
  </datafield>
  <datafield tag="500" ind1=" " ind2=" ">
    <subfield code="a">Complemented by: Guyton and Hall textbook of medical physiology / John E. Hall. Thirteenth edition. [2016].</subfield>
  </datafield>
  <datafield tag="500" ind1=" " ind2=" ">
    <subfield code="a">Includes index.</subfield>
  </datafield>
  <datafield tag="500" ind1=" " ind2=" ">
    <subfield code="a">Includes index.</subfield>
  </datafield>
</record>