

<record xmlns="http://www.loc.gov/MARC21/slim"
xmlns:xsi="http://www.w3.org/2001/XMLSchema-instance"
xsi:schemaLocation="http://www.loc.gov/MARC21/slim
http://www.loc.gov/standards/marcxml/schema/MARC21slim.xsd">
  <leader>     cam  2200589Ki 4500</leader>
  <controlfield tag="001">034339917</controlfield>
  <datafield tag="245" ind1="1" ind2="0">
    <subfield code="a">Managing the psychological impact of medical trauma :</subfield>
    <subfield code="b">a guide for mental health and health care professionals /</subfield>
    <subfield code="c">Michelle Flaum Hall, Scott E. Hall.</subfield>
  </datafield>
</record>