

<record xmlns="http://www.loc.gov/MARC21/slim"
xmlns:xsi="http://www.w3.org/2001/XMLSchema-instance"
xsi:schemaLocation="http://www.loc.gov/MARC21/slim
http://www.loc.gov/standards/marcxml/schema/MARC21slim.xsd">
  <leader>     nam  22003253i 4500</leader>
  <controlfield tag="001">033661228</controlfield>
  <datafield tag="245" ind1="1" ind2="0">
    <subfield code="a">Learning radiology</subfield>
    <subfield code="h">[electronic resource] :</subfield>
    <subfield code="b">recognizing the basics /</subfield>
    <subfield code="c">William Herring, MD, FACR, Vice Chairman and Residency Program Director, Albert Einstein Medical Center, Philadelphia, Pennsylvania.</subfield>
  </datafield>
</record>