

<record xmlns="http://www.loc.gov/MARC21/slim"
xmlns:xsi="http://www.w3.org/2001/XMLSchema-instance"
xsi:schemaLocation="http://www.loc.gov/MARC21/slim
http://www.loc.gov/standards/marcxml/schema/MARC21slim.xsd">
  <leader>     cam  2200505Ii 4500</leader>
  <controlfield tag="001">033868587</controlfield>
  <datafield tag="245" ind1="1" ind2="0">
    <subfield code="a">Dorland&apos;s dictionary of medical acronyms &amp; abbreviations.</subfield>
  </datafield>
  <datafield tag="500" ind1=" " ind2=" ">
    <subfield code="a">Preceded by: Jablonski&apos;s dictionary of medical acronyms &amp; abbreviations. 6th ed. c2009.</subfield>
  </datafield>
</record>