

<record xmlns="http://www.loc.gov/MARC21/slim"
xmlns:xsi="http://www.w3.org/2001/XMLSchema-instance"
xsi:schemaLocation="http://www.loc.gov/MARC21/slim
http://www.loc.gov/standards/marcxml/schema/MARC21slim.xsd">
  <leader>     nam  2200433Ii 4500</leader>
  <controlfield tag="001">033937657</controlfield>
  <datafield tag="245" ind1="1" ind2="0">
    <subfield code="a">NMS surgery casebook /</subfield>
    <subfield code="c">Bruce E. Jarrell, MD, Professor, Department of Surgery, University of Maryland School of Medicine, Baltimore, Maryland, Eric D. Strauch, MD, Associate Professor, Department of Surgery, University of Maryland School of Medicine, Baltimore, Maryland.</subfield>
  </datafield>
  <datafield tag="500" ind1=" " ind2=" ">
    <subfield code="a">Companion to: NMS surgery / [edited by] Bruce E. Jarrell, Stephen M. Kavic. Sixth edition. [2016].</subfield>
  </datafield>
</record>