

<record xmlns="http://www.loc.gov/MARC21/slim"
xmlns:xsi="http://www.w3.org/2001/XMLSchema-instance"
xsi:schemaLocation="http://www.loc.gov/MARC21/slim
http://www.loc.gov/standards/marcxml/schema/MARC21slim.xsd">
  <leader>     nam  2200481Ii 4500</leader>
  <controlfield tag="001">034211040</controlfield>
  <datafield tag="245" ind1="1" ind2="0">
    <subfield code="a">Step-up to USMLE step 2 CK /</subfield>
    <subfield code="c">Brian Jenkins, MD, Michael McInnis, MD, Chris Lewis, MD.</subfield>
  </datafield>
  <datafield tag="500" ind1=" " ind2=" ">
    <subfield code="a">Preceded by: Step-up to USMLE step 2 CK / Jonathan P. Van Kleunen, Michael McInnis, Brian Jenkins. 3rd ed. 2014.</subfield>
  </datafield>
  <datafield tag="500" ind1=" " ind2=" ">
    <subfield code="a">&quot;Includes interactive eBook with complete content&quot;--Cover.</subfield>
  </datafield>
  <datafield tag="500" ind1=" " ind2=" ">
    <subfield code="a">Includes index.</subfield>
  </datafield>
</record>