

<record xmlns="http://www.loc.gov/MARC21/slim"
xmlns:xsi="http://www.w3.org/2001/XMLSchema-instance"
xsi:schemaLocation="http://www.loc.gov/MARC21/slim
http://www.loc.gov/standards/marcxml/schema/MARC21slim.xsd">
  <leader>     cam  2200421Mi 4500</leader>
  <controlfield tag="001">033988537</controlfield>
  <datafield tag="245" ind1="1" ind2="0">
    <subfield code="a">Signal transduction</subfield>
    <subfield code="h">[electronic resource] /</subfield>
    <subfield code="c">Ijsbrand M. Kramer ; designer, Mark Rogers.</subfield>
  </datafield>
</record>