

<record xmlns="http://www.loc.gov/MARC21/slim"
xmlns:xsi="http://www.w3.org/2001/XMLSchema-instance"
xsi:schemaLocation="http://www.loc.gov/MARC21/slim
http://www.loc.gov/standards/marcxml/schema/MARC21slim.xsd">
  <leader>     cam  2200517Ii 4500</leader>
  <controlfield tag="001">034361276</controlfield>
  <datafield tag="245" ind1="1" ind2="0">
    <subfield code="a">Teaching rounds :</subfield>
    <subfield code="b">a visual aid to teaching internal medicine pearls on the wards /</subfield>
    <subfield code="c">Navin Kumar, Anica Law ; edited by Niteesh K. Choudhry.</subfield>
  </datafield>
  <datafield tag="500" ind1=" " ind2=" ">
    <subfield code="a">Cover title.</subfield>
  </datafield>
</record>