

<record xmlns="http://www.loc.gov/MARC21/slim"
xmlns:xsi="http://www.w3.org/2001/XMLSchema-instance"
xsi:schemaLocation="http://www.loc.gov/MARC21/slim
http://www.loc.gov/standards/marcxml/schema/MARC21slim.xsd">
  <leader>     nam  2200433Ii 4500</leader>
  <controlfield tag="001">034106541</controlfield>
  <datafield tag="245" ind1="1" ind2="0">
    <subfield code="a">Ophthalmology /</subfield>
    <subfield code="c">Gerhard K. Lang.</subfield>
  </datafield>
  <datafield tag="500" ind1=" " ind2=" ">
    <subfield code="a">This book is an authorized translation of the 5th German edition published and copyrighted 2014 by Georg Thieme Verlag, Stuttgart. Title of the German edition: Augenheilkunde.</subfield>
  </datafield>
  <datafield tag="500" ind1=" " ind2=" ">
    <subfield code="a">This book is an authorized translation of the 5th German edition published and copyrighted 2014 by Georg Thieme Verlag, Stuttgart. Title of the German edition: Augenheilkunde.</subfield>
  </datafield>
  <datafield tag="500" ind1=" " ind2=" ">
    <subfield code="a">Title from title page (viewed Feb. 4, 2016).</subfield>
  </datafield>
</record>