

<record xmlns="http://www.loc.gov/MARC21/slim"
xmlns:xsi="http://www.w3.org/2001/XMLSchema-instance"
xsi:schemaLocation="http://www.loc.gov/MARC21/slim
http://www.loc.gov/standards/marcxml/schema/MARC21slim.xsd">
  <leader>     cam  22003013i 4500</leader>
  <controlfield tag="001">034139850</controlfield>
  <datafield tag="245" ind1="1" ind2="4">
    <subfield code="a">The psychiatric interview in clinical practice</subfield>
    <subfield code="h">[electronic resource] /</subfield>
    <subfield code="c">Roger A. Mackinnon, Robert Michels, Peter J. Buckley.</subfield>
  </datafield>
</record>