

<record xmlns="http://www.loc.gov/MARC21/slim"
xmlns:xsi="http://www.w3.org/2001/XMLSchema-instance"
xsi:schemaLocation="http://www.loc.gov/MARC21/slim
http://www.loc.gov/standards/marcxml/schema/MARC21slim.xsd">
  <leader>     nam  2200325Ma 4500</leader>
  <controlfield tag="001">034366144</controlfield>
  <datafield tag="245" ind1="1" ind2="0">
    <subfield code="a">Musculoskeletal Physical Examination</subfield>
    <subfield code="h">[electronic resource] :</subfield>
    <subfield code="b">An Evidence-Based Approach.</subfield>
  </datafield>
</record>