

<record xmlns="http://www.loc.gov/MARC21/slim"
xmlns:xsi="http://www.w3.org/2001/XMLSchema-instance"
xsi:schemaLocation="http://www.loc.gov/MARC21/slim
http://www.loc.gov/standards/marcxml/schema/MARC21slim.xsd">
  <leader>     cam  2200517Ii 4500</leader>
  <controlfield tag="001">034057408</controlfield>
  <datafield tag="245" ind1="1" ind2="0">
    <subfield code="a">Rowan&apos;s primer of EEG /</subfield>
    <subfield code="c">Lara V. Marcuse, Madeline C. Fields, Jiyeoun (Jenna) Yoo ; foreward, Jacqueline A. French.</subfield>
  </datafield>
  <datafield tag="500" ind1=" " ind2=" ">
    <subfield code="a">Includes index.</subfield>
  </datafield>
  <datafield tag="500" ind1=" " ind2=" ">
    <subfield code="a">Revision of: Primer of EEG / A. James Rowan, Eugene Tolunsky. ©2003.</subfield>
  </datafield>
</record>