

<record xmlns="http://www.loc.gov/MARC21/slim"
xmlns:xsi="http://www.w3.org/2001/XMLSchema-instance"
xsi:schemaLocation="http://www.loc.gov/MARC21/slim
http://www.loc.gov/standards/marcxml/schema/MARC21slim.xsd">
  <leader>     cam  2200709Ii 4500</leader>
  <controlfield tag="001">033916710</controlfield>
  <datafield tag="245" ind1="1" ind2="0">
    <subfield code="a">General and vascular ultrasound :</subfield>
    <subfield code="b">case review /</subfield>
    <subfield code="c">John McGahan, Sharlene A. Teefey, Laurence Needleman.</subfield>
  </datafield>
  <datafield tag="500" ind1=" " ind2=" ">
    <subfield code="a">Preceded by General and vascular ultrasound / William D. Middleton. 2nd. ed. c2007.</subfield>
  </datafield>
  <datafield tag="500" ind1=" " ind2=" ">
    <subfield code="a">Preceded by General and vascular ultrasound / William D. Middleton. 2nd. ed. c2007.</subfield>
  </datafield>
</record>