

<record xmlns="http://www.loc.gov/MARC21/slim"
xmlns:xsi="http://www.w3.org/2001/XMLSchema-instance"
xsi:schemaLocation="http://www.loc.gov/MARC21/slim
http://www.loc.gov/standards/marcxml/schema/MARC21slim.xsd">
  <leader>     cam  2200481Ii 4500</leader>
  <controlfield tag="001">033905918</controlfield>
  <datafield tag="245" ind1="1" ind2="0">
    <subfield code="a">Junqueira&apos;s basic histology :</subfield>
    <subfield code="b">text and atlas /</subfield>
    <subfield code="c">Anthony L. Mescher.</subfield>
  </datafield>
  <datafield tag="500" ind1=" " ind2=" ">
    <subfield code="a">Preceded by: Junqueira&apos;s basic histology / Anthony L. Mescher. Thirteenth edition, 2013.</subfield>
  </datafield>
</record>