

<record xmlns="http://www.loc.gov/MARC21/slim"
xmlns:xsi="http://www.w3.org/2001/XMLSchema-instance"
xsi:schemaLocation="http://www.loc.gov/MARC21/slim
http://www.loc.gov/standards/marcxml/schema/MARC21slim.xsd">
  <leader>     cam  2200373Ki 4500</leader>
  <controlfield tag="001">033388919</controlfield>
  <datafield tag="245" ind1="1" ind2="4">
    <subfield code="a">The developing human :</subfield>
    <subfield code="b">clinically oriented embryology /</subfield>
    <subfield code="c">Keith L. Moore, T. V. N. Persaud, Mark G. Torchia.</subfield>
  </datafield>
</record>