

<record xmlns="http://www.loc.gov/MARC21/slim"
xmlns:xsi="http://www.w3.org/2001/XMLSchema-instance"
xsi:schemaLocation="http://www.loc.gov/MARC21/slim
http://www.loc.gov/standards/marcxml/schema/MARC21slim.xsd">
  <leader>     cam  2200517Ii 4500</leader>
  <controlfield tag="001">033321266</controlfield>
  <datafield tag="245" ind1="1" ind2="0">
    <subfield code="a">Before we are born :</subfield>
    <subfield code="b">essentials of embryology and birth defects /</subfield>
    <subfield code="c">Keith L. Moore, T.V.N. (Vid) Persaud, Mark G. Torchia.</subfield>
  </datafield>
</record>