

<record xmlns="http://www.loc.gov/MARC21/slim"
xmlns:xsi="http://www.w3.org/2001/XMLSchema-instance"
xsi:schemaLocation="http://www.loc.gov/MARC21/slim
http://www.loc.gov/standards/marcxml/schema/MARC21slim.xsd">
  <leader>     cam  2200445Ii 4500</leader>
  <controlfield tag="001">033916704</controlfield>
  <datafield tag="245" ind1="1" ind2="0">
    <subfield code="a">Fitzgerald&apos;s clinical neuroanatomy and neuroscience /</subfield>
    <subfield code="c">Estomih Mtui, Gregory Gruener, Peter Dockery.</subfield>
  </datafield>
  <datafield tag="500" ind1=" " ind2=" ">
    <subfield code="a">Preceded by: Clinical neuroanatomy and neuroscience / M.J. Turlough FitzGerald, Gregory Gruener, Estomih Mtui. 6th ed. 2012.</subfield>
  </datafield>
</record>