

<record xmlns="http://www.loc.gov/MARC21/slim"
xmlns:xsi="http://www.w3.org/2001/XMLSchema-instance"
xsi:schemaLocation="http://www.loc.gov/MARC21/slim
http://www.loc.gov/standards/marcxml/schema/MARC21slim.xsd">
  <leader>     cam a2200445Ii 4500</leader>
  <controlfield tag="001">034398442</controlfield>
  <datafield tag="245" ind1="1" ind2="0">
    <subfield code="a">Neuroradiology:</subfield>
    <subfield code="b">the requisites /</subfield>
    <subfield code="c">Rohini Nadgir, David M. Yousem.</subfield>
  </datafield>
  <datafield tag="500" ind1=" " ind2=" ">
    <subfield code="a">Revised edition of: Neuroradiology / David M. Yousem, Robert I. Grossman. 3rd ed. ©2010.</subfield>
  </datafield>
</record>