

<record xmlns="http://www.loc.gov/MARC21/slim"
xmlns:xsi="http://www.w3.org/2001/XMLSchema-instance"
xsi:schemaLocation="http://www.loc.gov/MARC21/slim
http://www.loc.gov/standards/marcxml/schema/MARC21slim.xsd">
  <leader>     nam a2200493Ki 4500</leader>
  <controlfield tag="001">034609386</controlfield>
  <datafield tag="245" ind1="1" ind2="0">
    <subfield code="a">Geriatrics at your fingertips /</subfield>
    <subfield code="c">authors, David B. Reuben MD ; Keela A. Herr, PhD, RN ; James T. Pacala, MD, MS ; Bruce G. Pollock, MD, PhD ; Jane F. Potter, MD ; Todd P. Semla, MS, PharmD.</subfield>
  </datafield>
  <datafield tag="500" ind1=" " ind2=" ">
    <subfield code="a">ISSN 1553-152x on title verso.</subfield>
  </datafield>
  <datafield tag="500" ind1=" " ind2=" ">
    <subfield code="a">Includes index.</subfield>
  </datafield>
</record>