

<record xmlns="http://www.loc.gov/MARC21/slim"
xmlns:xsi="http://www.w3.org/2001/XMLSchema-instance"
xsi:schemaLocation="http://www.loc.gov/MARC21/slim
http://www.loc.gov/standards/marcxml/schema/MARC21slim.xsd">
  <leader>     cam  2200709Ii 4500</leader>
  <controlfield tag="001">033916513</controlfield>
  <datafield tag="245" ind1="1" ind2="0">
    <subfield code="a">Vascular and interventional imaging :</subfield>
    <subfield code="b">Case review Series /</subfield>
    <subfield code="c">Wael E. Saad, Minhaj S. Khaja, Suresh Vedantham.</subfield>
  </datafield>
  <datafield tag="500" ind1=" " ind2=" ">
    <subfield code="a">Preceded by: Vascular and interventional imaing / Nael E. A. Saad, Suresh Vedantham, Jennifer Gould. 2nd ed. c2010.</subfield>
  </datafield>
  <datafield tag="500" ind1=" " ind2=" ">
    <subfield code="a">Preceded by: Vascular and interventional imaing / Nael E. A. Saad, Suresh Vedantham, Jennifer Gould. 2nd ed. c2010.</subfield>
  </datafield>
</record>