

<record xmlns="http://www.loc.gov/MARC21/slim"
xmlns:xsi="http://www.w3.org/2001/XMLSchema-instance"
xsi:schemaLocation="http://www.loc.gov/MARC21/slim
http://www.loc.gov/standards/marcxml/schema/MARC21slim.xsd">
  <leader>     nam  2200529Ia 4500</leader>
  <controlfield tag="001">034023508</controlfield>
  <datafield tag="245" ind1="1" ind2="0">
    <subfield code="a">Color atlas of pathophysiology /</subfield>
    <subfield code="c">Stefan Silbernagl, M.D., Florian Lang, MD ; color plates by Rüdiger Gay and Astried Rothenburger.</subfield>
  </datafield>
  <datafield tag="500" ind1=" " ind2=" ">
    <subfield code="a">Title from title page (viewed Feb. 1, 2016).</subfield>
  </datafield>
</record>