

<record xmlns="http://www.loc.gov/MARC21/slim"
xmlns:xsi="http://www.w3.org/2001/XMLSchema-instance"
xsi:schemaLocation="http://www.loc.gov/MARC21/slim
http://www.loc.gov/standards/marcxml/schema/MARC21slim.xsd">
  <leader>     cam  2200601Ki 4500</leader>
  <controlfield tag="001">033413795</controlfield>
  <datafield tag="245" ind1="1" ind2="0">
    <subfield code="a">Global health 101 /</subfield>
    <subfield code="c">Richard Skolnik.</subfield>
  </datafield>
  <datafield tag="500" ind1=" " ind2=" ">
    <subfield code="a">Revised edition of: Essentials of global health. c2008.</subfield>
  </datafield>
</record>