

<record xmlns="http://www.loc.gov/MARC21/slim"
xmlns:xsi="http://www.w3.org/2001/XMLSchema-instance"
xsi:schemaLocation="http://www.loc.gov/MARC21/slim
http://www.loc.gov/standards/marcxml/schema/MARC21slim.xsd">
  <leader>     cam a2200433Mi 4500</leader>
  <controlfield tag="001">034621660</controlfield>
  <datafield tag="245" ind1="1" ind2="4">
    <subfield code="a">The surgical review :</subfield>
    <subfield code="b">an integrated basic and clinical science study guide /</subfield>
    <subfield code="c">Paige M. Porrett, Pavan Atluri, Giorgios C. Karakousis, Robert E. Roses.</subfield>
  </datafield>
</record>