

<record xmlns="http://www.loc.gov/MARC21/slim"
xmlns:xsi="http://www.w3.org/2001/XMLSchema-instance"
xsi:schemaLocation="http://www.loc.gov/MARC21/slim
http://www.loc.gov/standards/marcxml/schema/MARC21slim.xsd">
  <leader>     cam  2200505Ia 4500</leader>
  <controlfield tag="001">034233074</controlfield>
  <datafield tag="245" ind1="1" ind2="0">
    <subfield code="a">Case files.</subfield>
    <subfield code="p">Psychiatry /</subfield>
    <subfield code="c">Eugene C. Toy, MD, Debra Klamen, MD, MHPE.</subfield>
  </datafield>
</record>