

<record xmlns="http://www.loc.gov/MARC21/slim"
xmlns:xsi="http://www.w3.org/2001/XMLSchema-instance"
xsi:schemaLocation="http://www.loc.gov/MARC21/slim
http://www.loc.gov/standards/marcxml/schema/MARC21slim.xsd">
  <leader>     cam  2200421Ii 4500</leader>
  <controlfield tag="001">034232797</controlfield>
  <datafield tag="245" ind1="1" ind2="0">
    <subfield code="a">Case files.</subfield>
    <subfield code="p">Pediatrics /</subfield>
    <subfield code="c">Eugene C. Toy [and 6 others].</subfield>
  </datafield>
  <datafield tag="500" ind1=" " ind2=" ">
    <subfield code="a">Preceded by Case files. Pediatrics / Eugene C. Toy [and others]. 4th ed. c2013.</subfield>
  </datafield>
</record>