

<record xmlns="http://www.loc.gov/MARC21/slim"
xmlns:xsi="http://www.w3.org/2001/XMLSchema-instance"
xsi:schemaLocation="http://www.loc.gov/MARC21/slim
http://www.loc.gov/standards/marcxml/schema/MARC21slim.xsd">
  <leader>     nam a2200433Ii 4500</leader>
  <controlfield tag="001">034583653</controlfield>
  <datafield tag="245" ind1="1" ind2="0">
    <subfield code="a">Public health :</subfield>
    <subfield code="b">what it is and how it works /</subfield>
    <subfield code="c">Bernard J. Turnock, MD, MPH, Clinical Professor of Community Health Sciences, School of Public Health, University of Illinois at Chicago, Chicago, Illinois.</subfield>
  </datafield>
</record>