

<record xmlns="http://www.loc.gov/MARC21/slim"
xmlns:xsi="http://www.w3.org/2001/XMLSchema-instance"
xsi:schemaLocation="http://www.loc.gov/MARC21/slim
http://www.loc.gov/standards/marcxml/schema/MARC21slim.xsd">
  <leader>     cam a2200361Ii 4500</leader>
  <controlfield tag="001">033868598</controlfield>
  <datafield tag="245" ind1="1" ind2="0">
    <subfield code="a">Physical diagnosis of pain :</subfield>
    <subfield code="b">an atlas of signs and symptoms /</subfield>
    <subfield code="c">Steven D. Waldman.</subfield>
  </datafield>
  <datafield tag="500" ind1=" " ind2=" ">
    <subfield code="a">Includes index.</subfield>
  </datafield>
</record>