

<record xmlns="http://www.loc.gov/MARC21/slim"
xmlns:xsi="http://www.w3.org/2001/XMLSchema-instance"
xsi:schemaLocation="http://www.loc.gov/MARC21/slim
http://www.loc.gov/standards/marcxml/schema/MARC21slim.xsd">
  <leader>03332cam  2200649Ii 4500</leader>
  <controlfield tag="001">034237496</controlfield>
  <datafield tag="245" ind1="1" ind2="0">
    <subfield code="a">Electrophoresis in practice :</subfield>
    <subfield code="b">a guide to methods and applications of DNA and protein separations /</subfield>
    <subfield code="c">Reiner Westermeier.</subfield>
  </datafield>
</record>