

<record xmlns="http://www.loc.gov/MARC21/slim"
xmlns:xsi="http://www.w3.org/2001/XMLSchema-instance"
xsi:schemaLocation="http://www.loc.gov/MARC21/slim
http://www.loc.gov/standards/marcxml/schema/MARC21slim.xsd">
  <leader>     cam a2200649Ii 4500</leader>
  <controlfield tag="001">034691485</controlfield>
  <datafield tag="245" ind1="0" ind2="0">
    <subfield code="a">First aid for the USMLE step 3 /</subfield>
    <subfield code="c">Tao Le, MD, MHS (Associate Clinical Professor of Medicine and Pediatrics, Chief, Section of Allergy and Immunology, Department of Medicine, University of Louisville), Vikas Bhushan, MD (Diagnostic Radiologist), James S. Yeh, MD, MPH (Attending Physician, Research Fellow, Department of Medicine, Brigham and Women&apos;s Hospital, Harvard Medical School), Kachiu Cecilia Lee, MD, MPH (Clinical and Research Fellow, Wellman Center for Photomedicine, Department of Dermatology, Massachusetts General Hospital, Harvard Medical School).</subfield>
  </datafield>
  <datafield tag="500" ind1=" " ind2=" ">
    <subfield code="a">Includes index.</subfield>
  </datafield>
</record>