

<record xmlns="http://www.loc.gov/MARC21/slim"
xmlns:xsi="http://www.w3.org/2001/XMLSchema-instance"
xsi:schemaLocation="http://www.loc.gov/MARC21/slim
http://www.loc.gov/standards/marcxml/schema/MARC21slim.xsd">
  <leader>     nam a2200385Ii 4500</leader>
  <controlfield tag="001">034636456</controlfield>
  <datafield tag="245" ind1="0" ind2="0">
    <subfield code="a">Introduction to research and medical literature for health professionals /</subfield>
    <subfield code="c">[edited by] J. Glenn Forister and J. Dennis Blessing.</subfield>
  </datafield>
</record>