

<record xmlns="http://www.loc.gov/MARC21/slim"
xmlns:xsi="http://www.w3.org/2001/XMLSchema-instance"
xsi:schemaLocation="http://www.loc.gov/MARC21/slim
http://www.loc.gov/standards/marcxml/schema/MARC21slim.xsd">
  <leader>     cam  2200493Ii 4500</leader>
  <controlfield tag="001">034627773</controlfield>
  <datafield tag="245" ind1="0" ind2="0">
    <subfield code="a">Flaps and reconstructive surgery /</subfield>
    <subfield code="c">[edited by] Fu-Chan Wei MD, FACS, Samir Mardini MD.</subfield>
  </datafield>
</record>