

<record xmlns="http://www.loc.gov/MARC21/slim"
xmlns:xsi="http://www.w3.org/2001/XMLSchema-instance"
xsi:schemaLocation="http://www.loc.gov/MARC21/slim
http://www.loc.gov/standards/marcxml/schema/MARC21slim.xsd">
  <leader>     cam a2200493Ii 4500</leader>
  <controlfield tag="001">034622472</controlfield>
  <datafield tag="245" ind1="0" ind2="0">
    <subfield code="a">Textbook of surgical oncology /</subfield>
    <subfield code="c">edited by Shane Y. Morita, Charles M. Balch.</subfield>
  </datafield>
</record>