

<record xmlns="http://www.loc.gov/MARC21/slim"
xmlns:xsi="http://www.w3.org/2001/XMLSchema-instance"
xsi:schemaLocation="http://www.loc.gov/MARC21/slim
http://www.loc.gov/standards/marcxml/schema/MARC21slim.xsd">
  <leader>     cam  2200493Ii 4500</leader>
  <controlfield tag="001">034615813</controlfield>
  <datafield tag="245" ind1="0" ind2="0">
    <subfield code="a">Critical care /</subfield>
    <subfield code="c">[edited by] John M. Oropello, Stephen M. Pastores, Vladimir Kvetan.</subfield>
  </datafield>
</record>