

<record xmlns="http://www.loc.gov/MARC21/slim"
xmlns:xsi="http://www.w3.org/2001/XMLSchema-instance"
xsi:schemaLocation="http://www.loc.gov/MARC21/slim
http://www.loc.gov/standards/marcxml/schema/MARC21slim.xsd">
  <leader>     nam a2200409Ii 4500</leader>
  <controlfield tag="001">034608991</controlfield>
  <datafield tag="245" ind1="0" ind2="0">
    <subfield code="a">Geriatrics review syllabus :</subfield>
    <subfield code="b">a core curriculum in geriatric medicine /</subfield>
    <subfield code="c">[edited by] Samuel C. Durso, MD, MBA, AGSF and Gail M. Sullivan, MD, MPH, AGSF.</subfield>
  </datafield>
  <datafield tag="500" ind1=" " ind2=" ">
    <subfield code="a">Title from American Geriatrics Society website (viewed July 6, 2016).</subfield>
  </datafield>
</record>