

<record xmlns="http://www.loc.gov/MARC21/slim"
xmlns:xsi="http://www.w3.org/2001/XMLSchema-instance"
xsi:schemaLocation="http://www.loc.gov/MARC21/slim
http://www.loc.gov/standards/marcxml/schema/MARC21slim.xsd">
  <leader>     cam a2200493Ii 4500</leader>
  <controlfield tag="001">034533872</controlfield>
  <datafield tag="245" ind1="0" ind2="0">
    <subfield code="a">DNA repair in cancer therapy :</subfield>
    <subfield code="b">molecular targets and clinical applications /</subfield>
    <subfield code="c">edited by Mark R. Kelley, Melissa L. Fishel.</subfield>
  </datafield>
  <datafield tag="500" ind1=" " ind2=" ">
    <subfield code="a">Includes index.</subfield>
  </datafield>
</record>