

<record xmlns="http://www.loc.gov/MARC21/slim"
xmlns:xsi="http://www.w3.org/2001/XMLSchema-instance"
xsi:schemaLocation="http://www.loc.gov/MARC21/slim
http://www.loc.gov/standards/marcxml/schema/MARC21slim.xsd">
  <leader>     cam  2200349Ki 4500</leader>
  <controlfield tag="001">034363239</controlfield>
  <datafield tag="245" ind1="0" ind2="0">
    <subfield code="a">Geriatrics evaluation &amp; management tools.</subfield>
  </datafield>
  <datafield tag="500" ind1=" " ind2=" ">
    <subfield code="a">Based on: Geriatrics review syllabus and Geriatrics at your fingertips.</subfield>
  </datafield>
  <datafield tag="500" ind1=" " ind2=" ">
    <subfield code="a">Description based on online resource&apos;s front matter screen.</subfield>
  </datafield>
</record>