

<record xmlns="http://www.loc.gov/MARC21/slim"
xmlns:xsi="http://www.w3.org/2001/XMLSchema-instance"
xsi:schemaLocation="http://www.loc.gov/MARC21/slim
http://www.loc.gov/standards/marcxml/schema/MARC21slim.xsd">
  <leader>     cam  2200445Ii 4500</leader>
  <controlfield tag="001">034363162</controlfield>
  <datafield tag="245" ind1="0" ind2="0">
    <subfield code="a">Zollinger&apos;s atlas of surgical operations /</subfield>
    <subfield code="c">E. Christopher Ellison, Robert M. Zollinger, Jr.</subfield>
  </datafield>
</record>