

<record xmlns="http://www.loc.gov/MARC21/slim"
xmlns:xsi="http://www.w3.org/2001/XMLSchema-instance"
xsi:schemaLocation="http://www.loc.gov/MARC21/slim
http://www.loc.gov/standards/marcxml/schema/MARC21slim.xsd">
  <leader>     cam  22004938i 4500</leader>
  <controlfield tag="001">034238373</controlfield>
  <datafield tag="245" ind1="0" ind2="0">
    <subfield code="a">Harrison&apos;s manual of medicine /</subfield>
    <subfield code="c">editors, Dennis L. Kasper, Anthony S. Fauci, Stephen L. Hauser, Dan L. Longo, J. Larry Jameson, Joseph Loscalzo.</subfield>
  </datafield>
  <datafield tag="500" ind1=" " ind2=" ">
    <subfield code="a">Drawn from Harrison&apos;s principles of internal medicine / editors, Dennis L. Kasper, Anthony S. Fauci, Stephen L. Hauser, Dan L. Longo, J. Larry Jameson, Joseph Loscalzo, 19th edition. [2015].</subfield>
  </datafield>
</record>