

<record xmlns="http://www.loc.gov/MARC21/slim"
xmlns:xsi="http://www.w3.org/2001/XMLSchema-instance"
xsi:schemaLocation="http://www.loc.gov/MARC21/slim
http://www.loc.gov/standards/marcxml/schema/MARC21slim.xsd">
  <leader>     nam  2200409Ki 4500</leader>
  <controlfield tag="001">034224002</controlfield>
  <datafield tag="245" ind1="0" ind2="0">
    <subfield code="a">Clinical cardiac pacing, defibrillation, and resynchronization therapy /</subfield>
    <subfield code="c">[edited by] Kenneth A. Ellenbogen, Bruce L. Wilkoff, G. Neal Kay, Chu-Pak Lau, Angelo Auricchio.</subfield>
  </datafield>
</record>