

<record xmlns="http://www.loc.gov/MARC21/slim"
xmlns:xsi="http://www.w3.org/2001/XMLSchema-instance"
xsi:schemaLocation="http://www.loc.gov/MARC21/slim
http://www.loc.gov/standards/marcxml/schema/MARC21slim.xsd">
  <leader>     cam  2200433Ii 4500</leader>
  <controlfield tag="001">034213224</controlfield>
  <datafield tag="245" ind1="0" ind2="0">
    <subfield code="a">Current diagnosis &amp; treatment :</subfield>
    <subfield code="b">pediatrics /</subfield>
    <subfield code="c">[editors] William W. Hay, Jr., Myron J. Levin, Robin R. Deterding, Mark J. Abzug</subfield>
  </datafield>
</record>