

<record xmlns="http://www.loc.gov/MARC21/slim"
xmlns:xsi="http://www.w3.org/2001/XMLSchema-instance"
xsi:schemaLocation="http://www.loc.gov/MARC21/slim
http://www.loc.gov/standards/marcxml/schema/MARC21slim.xsd">
  <leader>     nam  2200421Ii 4500</leader>
  <controlfield tag="001">034211290</controlfield>
  <datafield tag="245" ind1="0" ind2="0">
    <subfield code="a">Step-up to emergency medicine /</subfield>
    <subfield code="c">editors, Martin Huecker, MD, FAAEM, Assistant Professor, Department of Emergency Medicine, University of Louisville, Louisville, Kentucky, Scott H. Plantz, MD, FAAEM, Associate Professor, Department of Emergency Medicine, University of Louisville, Louisville, Kentucky.</subfield>
  </datafield>
</record>