

<record xmlns="http://www.loc.gov/MARC21/slim"
xmlns:xsi="http://www.w3.org/2001/XMLSchema-instance"
xsi:schemaLocation="http://www.loc.gov/MARC21/slim
http://www.loc.gov/standards/marcxml/schema/MARC21slim.xsd">
  <leader>     cam  2200421Ii 4500</leader>
  <controlfield tag="001">034209718</controlfield>
  <datafield tag="245" ind1="0" ind2="4">
    <subfield code="a">The atlas of emergency medicine /</subfield>
    <subfield code="c">editors, Kevin J. Knoop, Lawrence B. Stack, Alan B. Storrow, R. Jason Thurman.</subfield>
  </datafield>
</record>