

<record xmlns="http://www.loc.gov/MARC21/slim"
xmlns:xsi="http://www.w3.org/2001/XMLSchema-instance"
xsi:schemaLocation="http://www.loc.gov/MARC21/slim
http://www.loc.gov/standards/marcxml/schema/MARC21slim.xsd">
  <leader>     nam  2200457Ki 4500</leader>
  <controlfield tag="001">034194233</controlfield>
  <datafield tag="245" ind1="0" ind2="0">
    <subfield code="a">Neurology secrets /</subfield>
    <subfield code="c">[edited by] Joseph S. Kass, Eli M. Mizrahi.</subfield>
  </datafield>
</record>