

<record xmlns="http://www.loc.gov/MARC21/slim"
xmlns:xsi="http://www.w3.org/2001/XMLSchema-instance"
xsi:schemaLocation="http://www.loc.gov/MARC21/slim
http://www.loc.gov/standards/marcxml/schema/MARC21slim.xsd">
  <leader>     cam  2200313Ii 4500</leader>
  <controlfield tag="001">034194226</controlfield>
  <datafield tag="245" ind1="0" ind2="0">
    <subfield code="a">Essential surgical procedures /</subfield>
    <subfield code="c">editors Jose M Velasco, Rana Ballo, Keith Hood, Jennifer Jolley, Daniel Rinewalt, Benjamin Veenstra.</subfield>
  </datafield>
</record>