

<record xmlns="http://www.loc.gov/MARC21/slim"
xmlns:xsi="http://www.w3.org/2001/XMLSchema-instance"
xsi:schemaLocation="http://www.loc.gov/MARC21/slim
http://www.loc.gov/standards/marcxml/schema/MARC21slim.xsd">
  <leader>     cam  2200421Ii 4500</leader>
  <controlfield tag="001">034181138</controlfield>
  <datafield tag="245" ind1="0" ind2="4">
    <subfield code="a">The Sanford guide to antimicrobial therapy /</subfield>
    <subfield code="c">[editors]: David Gilbert, M.D., Henry Chambers, M.D., George Eliopoulos, M.D., Michael Saag, M.D., Andrew Pavia, M.D.</subfield>
  </datafield>
</record>