

<record xmlns="http://www.loc.gov/MARC21/slim"
xmlns:xsi="http://www.w3.org/2001/XMLSchema-instance"
xsi:schemaLocation="http://www.loc.gov/MARC21/slim
http://www.loc.gov/standards/marcxml/schema/MARC21slim.xsd">
  <leader>     cam  2200481Ii 4500</leader>
  <controlfield tag="001">034161226</controlfield>
  <datafield tag="245" ind1="0" ind2="0">
    <subfield code="a">Lichtman&apos;s atlas of hematology /</subfield>
    <subfield code="c">Marshall A. Lichtman, M.D., Jean A. Shafer, M.S., Raymond E. Felgar, M.D. Ph.D., Nancy Wang, Ph.D.</subfield>
  </datafield>
  <datafield tag="500" ind1=" " ind2=" ">
    <subfield code="a">Previous edition: 2007.</subfield>
  </datafield>
</record>