

<record xmlns="http://www.loc.gov/MARC21/slim"
xmlns:xsi="http://www.w3.org/2001/XMLSchema-instance"
xsi:schemaLocation="http://www.loc.gov/MARC21/slim
http://www.loc.gov/standards/marcxml/schema/MARC21slim.xsd">
  <leader>     cam  2200505Ii 4500</leader>
  <controlfield tag="001">034137057</controlfield>
  <datafield tag="245" ind1="0" ind2="0">
    <subfield code="a">Williams gynecology /</subfield>
    <subfield code="c">[edited by] Barbara L. Hoffman, John O. Schorge, Karen D. Bradshaw, Lisa M. Halvorson, Joseph I. Schaffer, Marlene M. Corton.</subfield>
  </datafield>
  <datafield tag="500" ind1=" " ind2=" ">
    <subfield code="a">Previous edition: 2012.</subfield>
  </datafield>
</record>