

<record xmlns="http://www.loc.gov/MARC21/slim"
xmlns:xsi="http://www.w3.org/2001/XMLSchema-instance"
xsi:schemaLocation="http://www.loc.gov/MARC21/slim
http://www.loc.gov/standards/marcxml/schema/MARC21slim.xsd">
  <leader>     cam a2200601Ii 4500</leader>
  <controlfield tag="001">034114943</controlfield>
  <datafield tag="245" ind1="0" ind2="0">
    <subfield code="a">Medical management of vulnerable and underserved patients :</subfield>
    <subfield code="b">principles, practice, and populations /</subfield>
    <subfield code="c">[edited by] Talmadge E. King, Jr., Margaret B. Wheeler [and 5 others].</subfield>
  </datafield>
  <datafield tag="500" ind1=" " ind2=" ">
    <subfield code="a">Previous edition: 2007.</subfield>
  </datafield>
  <datafield tag="500" ind1=" " ind2=" ">
    <subfield code="a">&quot;A Lange medical book.&quot;</subfield>
  </datafield>
</record>