

<record xmlns="http://www.loc.gov/MARC21/slim"
xmlns:xsi="http://www.w3.org/2001/XMLSchema-instance"
xsi:schemaLocation="http://www.loc.gov/MARC21/slim
http://www.loc.gov/standards/marcxml/schema/MARC21slim.xsd">
  <leader>     nam  2200421Ii 4500</leader>
  <controlfield tag="001">033937760</controlfield>
  <datafield tag="245" ind1="0" ind2="0">
    <subfield code="a">NMS surgery /</subfield>
    <subfield code="c">[edited by] Bruce E. Jarrell, MD, Professor, Department of Surgery, University of Maryland School of Medicine, Baltimore, Maryland, Stephen M. Kavic, MD, Associate Professor, Department of Surgery, Program Director, Residency in General Surgery, University of Maryland School of Medicine, Baltimore, Maryland.</subfield>
  </datafield>
  <datafield tag="500" ind1=" " ind2=" ">
    <subfield code="a">Includes index.</subfield>
  </datafield>
</record>