

<record xmlns="http://www.loc.gov/MARC21/slim"
xmlns:xsi="http://www.w3.org/2001/XMLSchema-instance"
xsi:schemaLocation="http://www.loc.gov/MARC21/slim
http://www.loc.gov/standards/marcxml/schema/MARC21slim.xsd">
  <leader>     nam  2200361Ii 4500</leader>
  <controlfield tag="001">033937542</controlfield>
  <datafield tag="245" ind1="0" ind2="0">
    <subfield code="a">Lippincott Q&amp;A medicine :</subfield>
    <subfield code="b">review for clinical rotations and exams /</subfield>
    <subfield code="c">editors, Mark D. Duncan, MD, Resident Physician, Department of Medicine, UCLA Medical Center, Los Angeles, California, Lance W. Chapman, MD, MBA, Resident Physician, Department of Dermatology, UC Irvine Medical Center, Irvine, California, Minesh P. Shah, MD, MPH, Assistant Professor, Division of General Internal Medicine, University of Illinois at Chicago, Chicago, Illinois.</subfield>
  </datafield>
</record>