

<record xmlns="http://www.loc.gov/MARC21/slim"
xmlns:xsi="http://www.w3.org/2001/XMLSchema-instance"
xsi:schemaLocation="http://www.loc.gov/MARC21/slim
http://www.loc.gov/standards/marcxml/schema/MARC21slim.xsd">
  <leader>     nam  2200433Ii 4500</leader>
  <controlfield tag="001">033936989</controlfield>
  <datafield tag="245" ind1="0" ind2="0">
    <subfield code="a">Essentials of musculoskeletal care /</subfield>
    <subfield code="c">American Academy of Orthopaedic Surgeons ; American Academy of Pediatrics ; April D. Armstrong, Mark C. Hubbard, editors.</subfield>
  </datafield>
  <datafield tag="500" ind1=" " ind2=" ">
    <subfield code="a">Previous edition: 2010.</subfield>
  </datafield>
</record>