

<record xmlns="http://www.loc.gov/MARC21/slim"
xmlns:xsi="http://www.w3.org/2001/XMLSchema-instance"
xsi:schemaLocation="http://www.loc.gov/MARC21/slim
http://www.loc.gov/standards/marcxml/schema/MARC21slim.xsd">
  <leader>     cam  2200409Ii 4500</leader>
  <controlfield tag="001">033916607</controlfield>
  <datafield tag="245" ind1="0" ind2="0">
    <subfield code="a">Emergency medicine secrets /</subfield>
    <subfield code="c">[edited by] Vincent J. Markovchick, Peter T. Pons, Katherine M. Bakes, Jennie A. Buchanan.</subfield>
  </datafield>
</record>