

<record xmlns="http://www.loc.gov/MARC21/slim"
xmlns:xsi="http://www.w3.org/2001/XMLSchema-instance"
xsi:schemaLocation="http://www.loc.gov/MARC21/slim
http://www.loc.gov/standards/marcxml/schema/MARC21slim.xsd">
  <leader>     nam  2200421Ii 4500</leader>
  <controlfield tag="001">033916535</controlfield>
  <datafield tag="245" ind1="0" ind2="0">
    <subfield code="a">Conn&apos;s current therapy 2016/</subfield>
    <subfield code="c">[edited by] Edward T. Bope, Rick D. Kellerman.</subfield>
  </datafield>
</record>