

<record xmlns="http://www.loc.gov/MARC21/slim"
xmlns:xsi="http://www.w3.org/2001/XMLSchema-instance"
xsi:schemaLocation="http://www.loc.gov/MARC21/slim
http://www.loc.gov/standards/marcxml/schema/MARC21slim.xsd">
  <leader>     cam  2200361Ii 4500</leader>
  <controlfield tag="001">033916515</controlfield>
  <datafield tag="245" ind1="0" ind2="0">
    <subfield code="a">Otologic surgery /</subfield>
    <subfield code="c">[edited by] Derald E. Brackmann, Clough Shelton, Moisés A. Arriaga.</subfield>
  </datafield>
</record>