

<record xmlns="http://www.loc.gov/MARC21/slim"
xmlns:xsi="http://www.w3.org/2001/XMLSchema-instance"
xsi:schemaLocation="http://www.loc.gov/MARC21/slim
http://www.loc.gov/standards/marcxml/schema/MARC21slim.xsd">
  <leader>     cam  2200481Ii 4500</leader>
  <controlfield tag="001">033916514</controlfield>
  <datafield tag="245" ind1="0" ind2="0">
    <subfield code="a">Campbell-Walsh urology /</subfield>
    <subfield code="c">editor-in-chief, Alan J. Wein ; [editors] Louis R. Kavoussi, Alan W. Partin, Craig A. Peters.</subfield>
  </datafield>
  <datafield tag="500" ind1=" " ind2=" ">
    <subfield code="a">Preceded by: Campbell-Walsh urology / editor-in-chief, Alan J. Wein ; editors, Louis R. Kavoussi ... [et al.]. 10th ed. c2012.</subfield>
  </datafield>
</record>