

<record xmlns="http://www.loc.gov/MARC21/slim"
xmlns:xsi="http://www.w3.org/2001/XMLSchema-instance"
xsi:schemaLocation="http://www.loc.gov/MARC21/slim
http://www.loc.gov/standards/marcxml/schema/MARC21slim.xsd">
  <leader>     cam  2200469Ii 4500</leader>
  <controlfield tag="001">033916507</controlfield>
  <datafield tag="245" ind1="0" ind2="0">
    <subfield code="a">Williams textbook of endocrinology /</subfield>
    <subfield code="c">[edited by] Shlomo Melmed, Kenneth S. Polonsky, P. Reed Larsen, Henry M. Kronenberg.</subfield>
  </datafield>
</record>