

<record xmlns="http://www.loc.gov/MARC21/slim"
xmlns:xsi="http://www.w3.org/2001/XMLSchema-instance"
xsi:schemaLocation="http://www.loc.gov/MARC21/slim
http://www.loc.gov/standards/marcxml/schema/MARC21slim.xsd">
  <leader>     cam  2200577Ii 4500</leader>
  <controlfield tag="001">033916506</controlfield>
  <datafield tag="245" ind1="0" ind2="0">
    <subfield code="a">Bradley&apos;s neurology in clinical practice /</subfield>
    <subfield code="c">[edited by] Robert B. Daroff, Joseph Jankovic, John C. Mazziotta, Scott L. Pomeroy.</subfield>
  </datafield>
  <datafield tag="500" ind1=" " ind2=" ">
    <subfield code="a">Preceded by: Bradley&apos;s neurology in clinical practice / [edited by] Robert B. Daroff [and others]. ©2012.</subfield>
  </datafield>
  <datafield tag="500" ind1=" " ind2=" ">
    <subfield code="a">Preceded by: Bradley&apos;s neurology in clinical practice / [edited by] Robert B. Daroff [and others]. ©2012.</subfield>
  </datafield>
</record>