

<record xmlns="http://www.loc.gov/MARC21/slim"
xmlns:xsi="http://www.w3.org/2001/XMLSchema-instance"
xsi:schemaLocation="http://www.loc.gov/MARC21/slim
http://www.loc.gov/standards/marcxml/schema/MARC21slim.xsd">
  <leader>     nam  2200385Ii 4500</leader>
  <controlfield tag="001">033868646</controlfield>
  <datafield tag="245" ind1="0" ind2="0">
    <subfield code="a">Principles and practice of lymphedema surgery /</subfield>
    <subfield code="c">[edited by] Ming-Huei Cheng, David W. Chang, Ketan M. Patel.</subfield>
  </datafield>
</record>