

<record xmlns="http://www.loc.gov/MARC21/slim"
xmlns:xsi="http://www.w3.org/2001/XMLSchema-instance"
xsi:schemaLocation="http://www.loc.gov/MARC21/slim
http://www.loc.gov/standards/marcxml/schema/MARC21slim.xsd">
  <leader>     nam  2200421Ii 4500</leader>
  <controlfield tag="001">033868595</controlfield>
  <datafield tag="245" ind1="0" ind2="0">
    <subfield code="a">Hacker &amp; Moore&apos;s essentials of obstetrics and gynecology /</subfield>
    <subfield code="c">[edited by] Neville F. Hacker, Joseph C. Gambone, Calvin J. Hobel.</subfield>
  </datafield>
  <datafield tag="500" ind1=" " ind2=" ">
    <subfield code="a">Preceded by Hacker and Moore&apos;s essentials of obstetrics and gynecology / [edited by] Neville F. Hacker, Joseph C. Gambone, Calvin J. Hobel.</subfield>
  </datafield>
</record>