

<record xmlns="http://www.loc.gov/MARC21/slim"
xmlns:xsi="http://www.w3.org/2001/XMLSchema-instance"
xsi:schemaLocation="http://www.loc.gov/MARC21/slim
http://www.loc.gov/standards/marcxml/schema/MARC21slim.xsd">
  <leader>     cam  22004338i 4500</leader>
  <controlfield tag="001">033857390</controlfield>
  <datafield tag="245" ind1="0" ind2="0">
    <subfield code="a">Gray&apos;s anatomy :</subfield>
    <subfield code="b">the anatomical basis of clinical practice /</subfield>
    <subfield code="c">editor-in-chief, Susan Standring ; section editors, Neel Anand [and 11 others].</subfield>
  </datafield>
</record>