

<record xmlns="http://www.loc.gov/MARC21/slim"
xmlns:xsi="http://www.w3.org/2001/XMLSchema-instance"
xsi:schemaLocation="http://www.loc.gov/MARC21/slim
http://www.loc.gov/standards/marcxml/schema/MARC21slim.xsd">
  <leader>     cam  2200505Ii 4500</leader>
  <controlfield tag="001">033816307</controlfield>
  <datafield tag="245" ind1="0" ind2="0">
    <subfield code="a">Ganong&apos;s review of medical physiology /</subfield>
    <subfield code="c">Kim E. Barrrett, Susan M. Barman, Scott Botano, Heddwen L. Brooks.</subfield>
  </datafield>
  <datafield tag="500" ind1=" " ind2=" ">
    <subfield code="a">Previous edition: 2012.</subfield>
  </datafield>
  <datafield tag="500" ind1=" " ind2=" ">
    <subfield code="a">Includes Interactive Self-Assessment.</subfield>
  </datafield>
  <datafield tag="500" ind1=" " ind2=" ">
    <subfield code="a">Previous edition: 2012.</subfield>
  </datafield>
  <datafield tag="500" ind1=" " ind2=" ">
    <subfield code="a">Includes Interactive Self-Assessment .</subfield>
  </datafield>
</record>