

<record xmlns="http://www.loc.gov/MARC21/slim"
xmlns:xsi="http://www.w3.org/2001/XMLSchema-instance"
xsi:schemaLocation="http://www.loc.gov/MARC21/slim
http://www.loc.gov/standards/marcxml/schema/MARC21slim.xsd">
  <leader>     nam  2200373Ii 4500</leader>
  <controlfield tag="001">033802680</controlfield>
  <datafield tag="245" ind1="0" ind2="0">
    <subfield code="a">Pathophysiology of heart disease :</subfield>
    <subfield code="b">a collaborative project of medical students and faculty /</subfield>
    <subfield code="c">editor, Leonard S. Lilly.</subfield>
  </datafield>
</record>