

<record xmlns="http://www.loc.gov/MARC21/slim"
xmlns:xsi="http://www.w3.org/2001/XMLSchema-instance"
xsi:schemaLocation="http://www.loc.gov/MARC21/slim
http://www.loc.gov/standards/marcxml/schema/MARC21slim.xsd">
  <leader>     cam  22003493i 4500</leader>
  <controlfield tag="001">033661236</controlfield>
  <datafield tag="245" ind1="0" ind2="0">
    <subfield code="a">Pediatric gastrointestinal and liver disease</subfield>
    <subfield code="h">[electronic resource] /</subfield>
    <subfield code="c">[edited by] Robert Wyllie, Jeffrey S. Hyams, Marsha Kay.</subfield>
  </datafield>
</record>