

<record xmlns="http://www.loc.gov/MARC21/slim"
xmlns:xsi="http://www.w3.org/2001/XMLSchema-instance"
xsi:schemaLocation="http://www.loc.gov/MARC21/slim
http://www.loc.gov/standards/marcxml/schema/MARC21slim.xsd">
  <leader>     nam  2200421Ki 4500</leader>
  <controlfield tag="001">033661220</controlfield>
  <datafield tag="245" ind1="0" ind2="0">
    <subfield code="a">Braddom&apos;s physical medicine &amp; rehabilitation /</subfield>
    <subfield code="c">edited by David X. Cifu ; associate editors, Darryl L. Kaelin, Karen J. Kowalske, Henry L. Lew, Michelle A. Miller, Kristjan T. Ragnarsson, Gregory Worsowicz.</subfield>
  </datafield>
  <datafield tag="500" ind1=" " ind2=" ">
    <subfield code="a">Preceded by: Physical medicine and rehabilitation / [edited by] Randall L. Braddom. 4th ed. c2011.</subfield>
  </datafield>
</record>