

<record xmlns="http://www.loc.gov/MARC21/slim"
xmlns:xsi="http://www.w3.org/2001/XMLSchema-instance"
xsi:schemaLocation="http://www.loc.gov/MARC21/slim
http://www.loc.gov/standards/marcxml/schema/MARC21slim.xsd">
  <leader>     cam  2200709Ii 4500</leader>
  <controlfield tag="001">033660886</controlfield>
  <datafield tag="245" ind1="0" ind2="4">
    <subfield code="a">The cardiac catheterization handbook /</subfield>
    <subfield code="c">[edited by] Morton J. Kern, Paul Sorajja, Michael J. Lim.</subfield>
  </datafield>
  <datafield tag="500" ind1=" " ind2=" ">
    <subfield code="a">Preceded by The cardiac catheterization handbook / edited by Morton J. Kern.</subfield>
  </datafield>
</record>