

<record xmlns="http://www.loc.gov/MARC21/slim"
xmlns:xsi="http://www.w3.org/2001/XMLSchema-instance"
xsi:schemaLocation="http://www.loc.gov/MARC21/slim
http://www.loc.gov/standards/marcxml/schema/MARC21slim.xsd">
  <leader>     cam  2200529Ii 4500</leader>
  <controlfield tag="001">033653393</controlfield>
  <datafield tag="245" ind1="0" ind2="0">
    <subfield code="a">Dulcan&apos;s textbook of child and adolescent psychiatry /</subfield>
    <subfield code="c">edited by Mina K. Dulcan.</subfield>
  </datafield>
</record>