

<record xmlns="http://www.loc.gov/MARC21/slim"
xmlns:xsi="http://www.w3.org/2001/XMLSchema-instance"
xsi:schemaLocation="http://www.loc.gov/MARC21/slim
http://www.loc.gov/standards/marcxml/schema/MARC21slim.xsd">
  <leader>     cam  2200493Ii 4500</leader>
  <controlfield tag="001">033594724</controlfield>
  <datafield tag="245" ind1="0" ind2="0">
    <subfield code="a">Williams hematology /</subfield>
    <subfield code="c">editors, Kenneth Kaushansky, Marshall A. Lichtman, Josef T. Prchal, Marcel Levi, Oliver W. Press, Linda J. Burns, Michael A. Caligiuri.</subfield>
  </datafield>
  <datafield tag="500" ind1=" " ind2=" ">
    <subfield code="a">Preceded by Williams hematology / editors, Kenneth Kaushansky ... [et al.]. 8th ed. c2010.</subfield>
  </datafield>
</record>