

<record xmlns="http://www.loc.gov/MARC21/slim"
xmlns:xsi="http://www.w3.org/2001/XMLSchema-instance"
xsi:schemaLocation="http://www.loc.gov/MARC21/slim
http://www.loc.gov/standards/marcxml/schema/MARC21slim.xsd">
  <leader>     cam  2200505Ia 4500</leader>
  <controlfield tag="001">033594723</controlfield>
  <datafield tag="245" ind1="0" ind2="0">
    <subfield code="a">Jawetz, Melnick &amp; Adelberg&apos;s medical microbiology</subfield>
    <subfield code="h">[electronic resource] /</subfield>
    <subfield code="c">Karen C. Carroll ... [et al.].</subfield>
  </datafield>
  <datafield tag="500" ind1=" " ind2=" ">
    <subfield code="a">Previous ed.: 2013.</subfield>
  </datafield>
</record>