

<record xmlns="http://www.loc.gov/MARC21/slim"
xmlns:xsi="http://www.w3.org/2001/XMLSchema-instance"
xsi:schemaLocation="http://www.loc.gov/MARC21/slim
http://www.loc.gov/standards/marcxml/schema/MARC21slim.xsd">
  <leader>02677cam  2200565Ii 4500</leader>
  <controlfield tag="001">033405978</controlfield>
  <datafield tag="245" ind1="0" ind2="0">
    <subfield code="a">Rich&apos;s vascular trauma /</subfield>
    <subfield code="c">[edited by] Todd E. Rasmussen, Nigel R.M. Tai.</subfield>
  </datafield>
  <datafield tag="500" ind1=" " ind2=" ">
    <subfield code="a">Preceded by: Vascular trauma / [edited by] Norman M. Rich, Kenneth L. Mattox, Asher Hirshberg. 2nd ed. c2004.</subfield>
  </datafield>
  <datafield tag="590" ind1=" " ind2=" ">
    <subfield code="a">Elsevier</subfield>
    <subfield code="b">ScienceDirect All Books</subfield>
  </datafield>
</record>