

<record xmlns="http://www.loc.gov/MARC21/slim"
xmlns:xsi="http://www.w3.org/2001/XMLSchema-instance"
xsi:schemaLocation="http://www.loc.gov/MARC21/slim
http://www.loc.gov/standards/marcxml/schema/MARC21slim.xsd">
  <leader>     cam  2200385Ka 4500</leader>
  <controlfield tag="001">033396688</controlfield>
  <datafield tag="245" ind1="0" ind2="4">
    <subfield code="a">The 5-minute clinical consult 2016</subfield>
    <subfield code="h">[electronic resource]</subfield>
    <subfield code="c">Frank J. Domino.</subfield>
  </datafield>
</record>