

<record xmlns="http://www.loc.gov/MARC21/slim"
xmlns:xsi="http://www.w3.org/2001/XMLSchema-instance"
xsi:schemaLocation="http://www.loc.gov/MARC21/slim
http://www.loc.gov/standards/marcxml/schema/MARC21slim.xsd">
  <leader>     nam  2200409Ki 4500</leader>
  <controlfield tag="001">033388933</controlfield>
  <datafield tag="245" ind1="0" ind2="0">
    <subfield code="a">Oral and maxillofacial pathology /</subfield>
    <subfield code="c">Brad W. Neville, Douglas D. Damm, Carl M. Allen, Angela C. Chi.</subfield>
  </datafield>
</record>