

<record xmlns="http://www.loc.gov/MARC21/slim"
xmlns:xsi="http://www.w3.org/2001/XMLSchema-instance"
xsi:schemaLocation="http://www.loc.gov/MARC21/slim
http://www.loc.gov/standards/marcxml/schema/MARC21slim.xsd">
  <leader>     cam  2200589Ii 4500</leader>
  <controlfield tag="001">033388863</controlfield>
  <datafield tag="245" ind1="0" ind2="0">
    <subfield code="a">Andreoli and Carpenter&apos;s Cecil essentials of medicine /</subfield>
    <subfield code="c">editor-in-chief, Ivor J. Benjamin ; editors, Robert C. Griggs, Edward J. Wing, J. Gregory Fitz.</subfield>
  </datafield>
  <datafield tag="500" ind1=" " ind2=" ">
    <subfield code="a">Preceded by: Andreoli and Carpenter&apos;s Cecil essentials of medicine / editor-in-chief, Thomas E. Andreoli ; editors, Ivor J. Benjamin, Robert C. Griggs, Edward J. Wing. 8th edition. c2010.</subfield>
  </datafield>
</record>