

<record xmlns="http://www.loc.gov/MARC21/slim"
xmlns:xsi="http://www.w3.org/2001/XMLSchema-instance"
xsi:schemaLocation="http://www.loc.gov/MARC21/slim
http://www.loc.gov/standards/marcxml/schema/MARC21slim.xsd">
  <leader>     cam  2200445Ki 4500</leader>
  <controlfield tag="001">033323797</controlfield>
  <datafield tag="245" ind1="0" ind2="0">
    <subfield code="a">Murray &amp; Nadel&apos;s textbook of respiratory medicine /</subfield>
    <subfield code="c">editor-in-chief, V. Courtney Broaddus ; editors, Robert J. Mason, Joel D. Ernst, Talmadge E. King Jr., Stephen C. Lazarus, John F. Murray, Jay A. Nadel, Arthur S. Slutsky ; thoracic imaging editor, Michael B. Gotway.</subfield>
  </datafield>
  <datafield tag="500" ind1=" " ind2=" ">
    <subfield code="a">Preceded by Murray and Nadel&apos;s textbook of respiratory medicine. 5th ed. / editors, Robert J. Mason ... [et al.]. c2010.</subfield>
  </datafield>
</record>