

<record xmlns="http://www.loc.gov/MARC21/slim"
xmlns:xsi="http://www.w3.org/2001/XMLSchema-instance"
xsi:schemaLocation="http://www.loc.gov/MARC21/slim
http://www.loc.gov/standards/marcxml/schema/MARC21slim.xsd">
  <leader>     cam  2200481Ii 4500</leader>
  <controlfield tag="001">033916718</controlfield>
  <datafield tag="245" ind1="1" ind2="4">
    <subfield code="a">The 5-minute pediatric consult standard /</subfield>
    <subfield code="c">editor Michael D. Cabana, MD, MPH.</subfield>
  </datafield>
</record>