

<record xmlns="http://www.loc.gov/MARC21/slim"
xmlns:xsi="http://www.w3.org/2001/XMLSchema-instance"
xsi:schemaLocation="http://www.loc.gov/MARC21/slim
http://www.loc.gov/standards/marcxml/schema/MARC21slim.xsd">
  <leader>02599cam  2200457Ki 4500</leader>
  <controlfield tag="001">032914483</controlfield>
  <datafield tag="245" ind1="1" ind2="0">
    <subfield code="a">Cellular and molecular immunology /</subfield>
    <subfield code="c">Abul K. Abbas, Andrew H. Lichtman, Shiv Pillai ; illustrations by David L. Baker, Alexandra Baker.</subfield>
  </datafield>
</record>