

<record xmlns="http://www.loc.gov/MARC21/slim"
xmlns:xsi="http://www.w3.org/2001/XMLSchema-instance"
xsi:schemaLocation="http://www.loc.gov/MARC21/slim
http://www.loc.gov/standards/marcxml/schema/MARC21slim.xsd">
  <leader>     cam  2200481Ii 4500</leader>
  <controlfield tag="001">033660522</controlfield>
  <datafield tag="245" ind1="1" ind2="0">
    <subfield code="a">Acute care surgery :</subfield>
    <subfield code="b">imaging essentials for rapid diagnosis /</subfield>
    <subfield code="c">[edited by] Kathryn L. Butler ; associate editor, Mukesh Harisinghani.</subfield>
  </datafield>
</record>