

<record xmlns="http://www.loc.gov/MARC21/slim"
xmlns:xsi="http://www.w3.org/2001/XMLSchema-instance"
xsi:schemaLocation="http://www.loc.gov/MARC21/slim
http://www.loc.gov/standards/marcxml/schema/MARC21slim.xsd">
  <leader>     cam  2200457Ki 4500</leader>
  <controlfield tag="001">032830002</controlfield>
  <datafield tag="245" ind1="1" ind2="0">
    <subfield code="a">Grainger and Allison&apos;s diagnostic radiology.</subfield>
  </datafield>
  <datafield tag="500" ind1=" " ind2=" ">
    <subfield code="a">Previous edition: 2008.</subfield>
  </datafield>
</record>