

<record xmlns="http://www.loc.gov/MARC21/slim"
xmlns:xsi="http://www.w3.org/2001/XMLSchema-instance"
xsi:schemaLocation="http://www.loc.gov/MARC21/slim
http://www.loc.gov/standards/marcxml/schema/MARC21slim.xsd">
  <leader>     nam  2200517Ii 4500</leader>
  <controlfield tag="001">033635627</controlfield>
  <datafield tag="245" ind1="1" ind2="0">
    <subfield code="a">Red book :</subfield>
    <subfield code="b">2015 report of the Committee on Infectious Diseases /</subfield>
    <subfield code="c">Committee on Infectious Diseases, American Academy of Pediatrics ; David W. Kimberlin, editor ; Michael T. Brady, associate editor ; Mary Anne Jackson, associate editor ; Sarah S. Long, associate editor.</subfield>
  </datafield>
</record>