

<record xmlns="http://www.loc.gov/MARC21/slim"
xmlns:xsi="http://www.w3.org/2001/XMLSchema-instance"
xsi:schemaLocation="http://www.loc.gov/MARC21/slim
http://www.loc.gov/standards/marcxml/schema/MARC21slim.xsd">
  <leader>     cam  2200361Ii 4500</leader>
  <controlfield tag="001">033183594</controlfield>
  <datafield tag="245" ind1="1" ind2="0">
    <subfield code="a">Clinical neurology /</subfield>
    <subfield code="c">Michael J. Aminoff, David A. Greenberg, Roger P. Simon.</subfield>
  </datafield>
</record>