

<record xmlns="http://www.loc.gov/MARC21/slim"
xmlns:xsi="http://www.w3.org/2001/XMLSchema-instance"
xsi:schemaLocation="http://www.loc.gov/MARC21/slim
http://www.loc.gov/standards/marcxml/schema/MARC21slim.xsd">
  <leader>     cam  2200781Ii 4500</leader>
  <controlfield tag="001">034212581</controlfield>
  <datafield tag="245" ind1="1" ind2="0">
    <subfield code="a">Seidel&apos;s physical examination handbook /</subfield>
    <subfield code="c">Jane W. Ball, Joyce E. Dains, John A. Flynn, Barry S. Solomon, Rosalyn W. Stewart ; reviewer, Susan D. Rymer.</subfield>
  </datafield>
  <datafield tag="500" ind1=" " ind2=" ">
    <subfield code="a">This edition dedicated to and renamed in honor of Henry M. Seidel, MD.</subfield>
  </datafield>
</record>