

<record xmlns="http://www.loc.gov/MARC21/slim"
xmlns:xsi="http://www.w3.org/2001/XMLSchema-instance"
xsi:schemaLocation="http://www.loc.gov/MARC21/slim
http://www.loc.gov/standards/marcxml/schema/MARC21slim.xsd">
  <leader>01422nam  2200397Ki 4500</leader>
  <controlfield tag="001">033042717</controlfield>
  <datafield tag="245" ind1="1" ind2="0">
    <subfield code="a">Sleep medicine pearls /</subfield>
    <subfield code="c">Richard B. Berry, Mary H. Wagner.</subfield>
  </datafield>
</record>