

<record xmlns="http://www.loc.gov/MARC21/slim"
xmlns:xsi="http://www.w3.org/2001/XMLSchema-instance"
xsi:schemaLocation="http://www.loc.gov/MARC21/slim
http://www.loc.gov/standards/marcxml/schema/MARC21slim.xsd">
  <leader>     cam  2200397Ma 4500</leader>
  <controlfield tag="001">033042395</controlfield>
  <datafield tag="245" ind1="1" ind2="0">
    <subfield code="a">Drugs in pregnancy and lactation</subfield>
    <subfield code="h">[electronic resource] :</subfield>
    <subfield code="b">a reference guide to fetal and neonatal risk /</subfield>
    <subfield code="c">Gerald G. Briggs, Roger K. Freeman, Sumner J. Yaffe.</subfield>
  </datafield>
</record>