

<record xmlns="http://www.loc.gov/MARC21/slim"
xmlns:xsi="http://www.w3.org/2001/XMLSchema-instance"
xsi:schemaLocation="http://www.loc.gov/MARC21/slim
http://www.loc.gov/standards/marcxml/schema/MARC21slim.xsd">
  <leader>02171cam  2200385Ki 4500</leader>
  <controlfield tag="001">033224616</controlfield>
  <datafield tag="245" ind1="1" ind2="0">
    <subfield code="a">Transplantation of the liver /</subfield>
    <subfield code="c">Ronald W. Busuttil, Goran B. Klintmalm.</subfield>
  </datafield>
</record>