

<record xmlns="http://www.loc.gov/MARC21/slim"
xmlns:xsi="http://www.w3.org/2001/XMLSchema-instance"
xsi:schemaLocation="http://www.loc.gov/MARC21/slim
http://www.loc.gov/standards/marcxml/schema/MARC21slim.xsd">
  <leader>     cam  2200445Ma 4500</leader>
  <controlfield tag="001">033388868</controlfield>
  <datafield tag="245" ind1="1" ind2="0">
    <subfield code="a">Campbell&apos;s core orthopaedic procedures</subfield>
    <subfield code="h">[electronic resource] /</subfield>
    <subfield code="c">S. Terry Canale, James H. Beaty, Frederick M. Azar.</subfield>
  </datafield>
  <datafield tag="500" ind1=" " ind2=" ">
    <subfield code="a">Technique 28 Minimally Invasive Transforaminal Lumbar Interbody Fusion (MITLIF)</subfield>
  </datafield>
  <datafield tag="500" ind1=" " ind2=" ">
    <subfield code="a">Technique 28 Minimally Invasive Transforaminal Lumbar Interbody Fusion (MITLIF)</subfield>
  </datafield>
</record>