

<record xmlns="http://www.loc.gov/MARC21/slim"
xmlns:xsi="http://www.w3.org/2001/XMLSchema-instance"
xsi:schemaLocation="http://www.loc.gov/MARC21/slim
http://www.loc.gov/standards/marcxml/schema/MARC21slim.xsd">
  <leader>02135nam  2200385Ki 4500</leader>
  <controlfield tag="001">033368683</controlfield>
  <datafield tag="245" ind1="1" ind2="0">
    <subfield code="a">Principles and practice of laser dentistry /</subfield>
    <subfield code="c">Robert A. Convissar.</subfield>
  </datafield>
  <datafield tag="590" ind1=" " ind2=" ">
    <subfield code="a">Elsevier</subfield>
    <subfield code="b">ScienceDirect All Books</subfield>
  </datafield>
</record>