

<record xmlns="http://www.loc.gov/MARC21/slim"
xmlns:xsi="http://www.w3.org/2001/XMLSchema-instance"
xsi:schemaLocation="http://www.loc.gov/MARC21/slim
http://www.loc.gov/standards/marcxml/schema/MARC21slim.xsd">
  <leader>     cas  22003498i 4500</leader>
  <controlfield tag="001">033180260</controlfield>
  <datafield tag="245" ind1="0" ind2="0">
    <subfield code="a">Current diagnosis &amp; treatment.</subfield>
    <subfield code="p">Physical medicine &amp; rehabilitation.</subfield>
  </datafield>
</record>