

<record xmlns="http://www.loc.gov/MARC21/slim"
xmlns:xsi="http://www.w3.org/2001/XMLSchema-instance"
xsi:schemaLocation="http://www.loc.gov/MARC21/slim
http://www.loc.gov/standards/marcxml/schema/MARC21slim.xsd">
  <leader>     cam  2200421Ki 4500</leader>
  <controlfield tag="001">033003361</controlfield>
  <datafield tag="245" ind1="1" ind2="0">
    <subfield code="a">Gray&apos;s atlas of anatomy /</subfield>
    <subfield code="c">Richard L. Drake [and 4 others].</subfield>
  </datafield>
</record>