

<record xmlns="http://www.loc.gov/MARC21/slim"
xmlns:xsi="http://www.w3.org/2001/XMLSchema-instance"
xsi:schemaLocation="http://www.loc.gov/MARC21/slim
http://www.loc.gov/standards/marcxml/schema/MARC21slim.xsd">
  <leader>     cam  2200505Ki 4500</leader>
  <controlfield tag="001">033254210</controlfield>
  <datafield tag="245" ind1="1" ind2="0">
    <subfield code="a">ASE&apos;s Comprehensive Echocardiography /</subfield>
    <subfield code="c">[edited by] Roberto M. Lang, Steven A. Goldstein, Itzhak Kronzon, Bijoy K. Khandheria, Victor Mor-Avi.</subfield>
  </datafield>
  <datafield tag="500" ind1=" " ind2=" ">
    <subfield code="a">Preceded by Dynamic echocardiography / American Society of Echocardiography ; [edited by] Roberto M. Lang [and others] c2011.</subfield>
  </datafield>
</record>