

<record xmlns="http://www.loc.gov/MARC21/slim"
xmlns:xsi="http://www.w3.org/2001/XMLSchema-instance"
xsi:schemaLocation="http://www.loc.gov/MARC21/slim
http://www.loc.gov/standards/marcxml/schema/MARC21slim.xsd">
  <leader>03843cam  2200829 i 4500</leader>
  <controlfield tag="001">033803508</controlfield>
  <datafield tag="245" ind1="1" ind2="0">
    <subfield code="a">Emergency medical services :</subfield>
    <subfield code="b">clinical practice and systems oversight /</subfield>
    <subfield code="c">edited by David C. Cone, Jane H. Brice, Theodore R. Delbridge, J. Brent Myers.</subfield>
  </datafield>
  <datafield tag="590" ind1=" " ind2=" ">
    <subfield code="b">Wiley eBooks GAP</subfield>
  </datafield>
  <datafield tag="590" ind1=" " ind2=" ">
    <subfield code="a">John Wiley and Sons</subfield>
    <subfield code="b">Wiley Online Library E-Books</subfield>
  </datafield>
</record>