

<record xmlns="http://www.loc.gov/MARC21/slim"
xmlns:xsi="http://www.w3.org/2001/XMLSchema-instance"
xsi:schemaLocation="http://www.loc.gov/MARC21/slim
http://www.loc.gov/standards/marcxml/schema/MARC21slim.xsd">
  <leader>     cam  2200481Ii 4500</leader>
  <controlfield tag="001">032910869</controlfield>
  <datafield tag="245" ind1="1" ind2="0">
    <subfield code="a">Essentials of physical medicine and rehabilitation :</subfield>
    <subfield code="b">musculoskeletal disorders, pain, and rehabilitation /</subfield>
    <subfield code="c">[edited by] Walter R. Frontera, Julie K. Silver, Thomas D. Rizzo, Jr.</subfield>
  </datafield>
</record>