

<record xmlns="http://www.loc.gov/MARC21/slim"
xmlns:xsi="http://www.w3.org/2001/XMLSchema-instance"
xsi:schemaLocation="http://www.loc.gov/MARC21/slim
http://www.loc.gov/standards/marcxml/schema/MARC21slim.xsd">
  <leader>     cam  2200445Ki 4500</leader>
  <controlfield tag="001">032526825</controlfield>
  <datafield tag="245" ind1="1" ind2="0">
    <subfield code="a">Ferri&apos;s best test :</subfield>
    <subfield code="b">a practical guide to clinical laboratory medicine and diagnostic imaging /</subfield>
    <subfield code="c">Fred F. Ferri.</subfield>
  </datafield>
</record>