

<record xmlns="http://www.loc.gov/MARC21/slim"
xmlns:xsi="http://www.w3.org/2001/XMLSchema-instance"
xsi:schemaLocation="http://www.loc.gov/MARC21/slim
http://www.loc.gov/standards/marcxml/schema/MARC21slim.xsd">
  <leader>     nam  2200481Ii 4500</leader>
  <controlfield tag="001">033628249</controlfield>
  <datafield tag="245" ind1="1" ind2="0">
    <subfield code="a">Color atlas of human anatomy.</subfield>
    <subfield code="n">Volume 2,</subfield>
    <subfield code="p">Internal organs /</subfield>
    <subfield code="c">Helga Fritsch, Wolfgang Kuehnel.</subfield>
  </datafield>
</record>