

<record xmlns="http://www.loc.gov/MARC21/slim"
xmlns:xsi="http://www.w3.org/2001/XMLSchema-instance"
xsi:schemaLocation="http://www.loc.gov/MARC21/slim
http://www.loc.gov/standards/marcxml/schema/MARC21slim.xsd">
  <leader>     cam  2200481Ki 4500</leader>
  <controlfield tag="001">033420979</controlfield>
  <datafield tag="245" ind1="1" ind2="0">
    <subfield code="a">Goldman-Cecil medicine /</subfield>
    <subfield code="c">[edited by] Lee Goldman, Andrew I. Schafer.</subfield>
  </datafield>
  <datafield tag="500" ind1=" " ind2=" ">
    <subfield code="a">Preceded by Goldman&apos;s Cecil medicine / [edited by] Lee Goldman, Andrew I. Schafer. 24th ed. c2012.</subfield>
  </datafield>
</record>