

<record xmlns="http://www.loc.gov/MARC21/slim"
xmlns:xsi="http://www.w3.org/2001/XMLSchema-instance"
xsi:schemaLocation="http://www.loc.gov/MARC21/slim
http://www.loc.gov/standards/marcxml/schema/MARC21slim.xsd">
  <leader>     nam  2200433Ii 4500</leader>
  <controlfield tag="001">033181002</controlfield>
  <datafield tag="245" ind1="1" ind2="0">
    <subfield code="a">Neuroanatomy in clinical context :</subfield>
    <subfield code="b">an atlas of structures, sections, systems, and syndromes /</subfield>
    <subfield code="c">Duane E. Haines ; illustrators, M.P. Schenk, W.K. Cunningham ; computer graphics, C.P. Runyan ; photographers, G.W. Armstrong, R.W. Gray ; typist, L.K. Boyd.</subfield>
  </datafield>
  <datafield tag="500" ind1=" " ind2=" ">
    <subfield code="a">Preceded by Neuroanatomy / Duane E. Haines. 8th ed. c2012.</subfield>
  </datafield>
</record>