

<record xmlns="http://www.loc.gov/MARC21/slim"
xmlns:xsi="http://www.w3.org/2001/XMLSchema-instance"
xsi:schemaLocation="http://www.loc.gov/MARC21/slim
http://www.loc.gov/standards/marcxml/schema/MARC21slim.xsd">
  <leader>     cam  2200481Ki 4500</leader>
  <controlfield tag="001">032830016</controlfield>
  <datafield tag="245" ind1="1" ind2="4">
    <subfield code="a">The Harriet Lane handbook :</subfield>
    <subfield code="b">a manual for pediatric house officers /</subfield>
    <subfield code="c">the Harriet Lane Service, Children&apos;s Medical and Surgical Center of the Johns Hopkins Hospital ; editors, Jamie Flerlage, Branden Engorn.</subfield>
  </datafield>
  <datafield tag="500" ind1=" " ind2=" ">
    <subfield code="a">Preceded by the Harriet Lane handbook / editors, Megan M. Tschudy, Kristin M. Arcara. 19th ed. c2012.</subfield>
  </datafield>
</record>