

<record xmlns="http://www.loc.gov/MARC21/slim"
xmlns:xsi="http://www.w3.org/2001/XMLSchema-instance"
xsi:schemaLocation="http://www.loc.gov/MARC21/slim
http://www.loc.gov/standards/marcxml/schema/MARC21slim.xsd">
  <leader>     cam  2200553 i 4500</leader>
  <controlfield tag="001">034022960</controlfield>
  <datafield tag="245" ind1="1" ind2="0">
    <subfield code="a">Helping parents and teachers understand medications for behavioral and emotional problems :</subfield>
    <subfield code="b">a resource book of medication information handouts /</subfield>
    <subfield code="c">edited by Mina K. Dulcan, M. D., Rachel Ballard, M. D. ; contributors, Thomas Cummins [and 11 others], Department of Child and Adolescent Psychiatry, Ann &amp; Robert H. Lurie Children&apos;s Hospital of Chicago, division of Child and Adolescent Psychiatry, Northwestern University Feinberg School of Medicine, Chicago, Illinois.</subfield>
  </datafield>
  <datafield tag="500" ind1=" " ind2=" ">
    <subfield code="a">Preceded by: Helping parents, youth, and teachers understand medications for behavioral and emotional problems / edited by Mina K. Dulcan ; contributors, Thomas Cummins ... [et al.]. 3rd ed. c2007.</subfield>
  </datafield>
</record>