

<record xmlns="http://www.loc.gov/MARC21/slim"
xmlns:xsi="http://www.w3.org/2001/XMLSchema-instance"
xsi:schemaLocation="http://www.loc.gov/MARC21/slim
http://www.loc.gov/standards/marcxml/schema/MARC21slim.xsd">
  <leader>     nam  2200361Ki 4500</leader>
  <controlfield tag="001">033532180</controlfield>
  <datafield tag="245" ind1="1" ind2="0">
    <subfield code="a">Ultrasound :</subfield>
    <subfield code="b">the requisites /</subfield>
    <subfield code="c">Barbara S. Hertzberg, William D. Middleton.</subfield>
  </datafield>
</record>