

<record xmlns="http://www.loc.gov/MARC21/slim"
xmlns:xsi="http://www.w3.org/2001/XMLSchema-instance"
xsi:schemaLocation="http://www.loc.gov/MARC21/slim
http://www.loc.gov/standards/marcxml/schema/MARC21slim.xsd">
  <leader>02073nam  2200517Ki 4500</leader>
  <controlfield tag="001">033042716</controlfield>
  <datafield tag="245" ind1="1" ind2="0">
    <subfield code="a">Musculoskeletal imaging /</subfield>
    <subfield code="c">[edited by] Thomas L. Pope, Hans L. Bloem, Javier Beltran, William B. Morrison, David J. Wilson.</subfield>
  </datafield>
  <datafield tag="500" ind1=" " ind2=" ">
    <subfield code="a">Preceded by: Imaging of the musculoskeletal system / [edited by] Thomas Lee Pope Jr. ... [et al.]. c2008.</subfield>
  </datafield>
</record>