

<record xmlns="http://www.loc.gov/MARC21/slim"
xmlns:xsi="http://www.w3.org/2001/XMLSchema-instance"
xsi:schemaLocation="http://www.loc.gov/MARC21/slim
http://www.loc.gov/standards/marcxml/schema/MARC21slim.xsd">
  <leader>     nam  2200517Ki 4500</leader>
  <controlfield tag="001">033254217</controlfield>
  <datafield tag="245" ind1="1" ind2="0">
    <subfield code="a">Remington and Klein&apos;s infectious diseases of the fetus and newborn infant /</subfield>
    <subfield code="c">[edited by] Christopher B. Wilson, Victor Nizet, Yvonne A. Maldonado, Jack S. Remington, Jerome O. Klein.</subfield>
  </datafield>
  <datafield tag="500" ind1=" " ind2=" ">
    <subfield code="a">Preceded by Infectious diseases of the fetus and newborn infant / [edited by] Jack S. Remington [and others]. 7th ed. c2011.</subfield>
  </datafield>
</record>