

<record xmlns="http://www.loc.gov/MARC21/slim"
xmlns:xsi="http://www.w3.org/2001/XMLSchema-instance"
xsi:schemaLocation="http://www.loc.gov/MARC21/slim
http://www.loc.gov/standards/marcxml/schema/MARC21slim.xsd">
  <leader>     nam  2200493Ii 4500</leader>
  <controlfield tag="001">033098449</controlfield>
  <datafield tag="245" ind1="1" ind2="0">
    <subfield code="a">Intraoperative consultation</subfield>
    <subfield code="h">[electronic resource] /</subfield>
    <subfield code="c">[edited by] Alberto Marchevsky, Fadi W. Abdul-Karim, Bonnie Balzer.</subfield>
  </datafield>
</record>