

<record xmlns="http://www.loc.gov/MARC21/slim"
xmlns:xsi="http://www.w3.org/2001/XMLSchema-instance"
xsi:schemaLocation="http://www.loc.gov/MARC21/slim
http://www.loc.gov/standards/marcxml/schema/MARC21slim.xsd">
  <leader>     nam  2200493Ki 4500</leader>
  <controlfield tag="001">033420980</controlfield>
  <datafield tag="245" ind1="1" ind2="0">
    <subfield code="a">Andrews&apos; diseases of the skin :</subfield>
    <subfield code="b">clinical dermatology /</subfield>
    <subfield code="c">William D. James, Timothy G. Berger, Dirk M. Elston.</subfield>
  </datafield>
  <datafield tag="500" ind1=" " ind2=" ">
    <subfield code="a">Previous edition: 2011.</subfield>
  </datafield>
  <datafield tag="500" ind1=" " ind2=" ">
    <subfield code="a">Contributors: Isaac M. Neuhaus, Robert G. Micheletti--Page ix.</subfield>
  </datafield>
</record>