

<record xmlns="http://www.loc.gov/MARC21/slim"
xmlns:xsi="http://www.w3.org/2001/XMLSchema-instance"
xsi:schemaLocation="http://www.loc.gov/MARC21/slim
http://www.loc.gov/standards/marcxml/schema/MARC21slim.xsd">
  <leader>     nam  2200409Ii 4500</leader>
  <controlfield tag="001">033405715</controlfield>
  <datafield tag="245" ind1="1" ind2="0">
    <subfield code="a">Clinical ethics :</subfield>
    <subfield code="b">a practical approach to ethical decisions in clinical medicine /</subfield>
    <subfield code="c">Albert R. Jonsen, Mark Siegler, William J. Winslade.</subfield>
  </datafield>
</record>