

<record xmlns="http://www.loc.gov/MARC21/slim"
xmlns:xsi="http://www.w3.org/2001/XMLSchema-instance"
xsi:schemaLocation="http://www.loc.gov/MARC21/slim
http://www.loc.gov/standards/marcxml/schema/MARC21slim.xsd">
  <leader>     nam  2200481Ii 4500</leader>
  <controlfield tag="001">033628101</controlfield>
  <datafield tag="245" ind1="1" ind2="0">
    <subfield code="a">Color atlas of human anatomy.</subfield>
    <subfield code="n">Volume 3,</subfield>
    <subfield code="p">Nervous system and sensory organs</subfield>
    <subfield code="c">Werner Kahle, Michael Frotscher ; illustrations by Gerhard Spitzer.</subfield>
  </datafield>
</record>