

<record xmlns="http://www.loc.gov/MARC21/slim"
xmlns:xsi="http://www.w3.org/2001/XMLSchema-instance"
xsi:schemaLocation="http://www.loc.gov/MARC21/slim
http://www.loc.gov/standards/marcxml/schema/MARC21slim.xsd">
  <leader>02237nam  2200445Ki 4500</leader>
  <controlfield tag="001">033003434</controlfield>
  <datafield tag="245" ind1="1" ind2="0">
    <subfield code="a">Robbins and Cotran review of pathology /</subfield>
    <subfield code="c">Edward C. Klatt, Vinay Kumar.</subfield>
  </datafield>
  <datafield tag="500" ind1=" " ind2=" ">
    <subfield code="a">Complemented by: Robbins basic pathology / [edited by] Vinay Kumar, Abul K. Abbas, Jon C. Aster. 9th ed. c2013; and Robbins and Cotran pathologic basis of disease / [edited by] Vinay Kumar, Abul K. Abbas, Jon C. Aster. Ninth edition. [2015]</subfield>
  </datafield>
</record>