

<record xmlns="http://www.loc.gov/MARC21/slim"
xmlns:xsi="http://www.w3.org/2001/XMLSchema-instance"
xsi:schemaLocation="http://www.loc.gov/MARC21/slim
http://www.loc.gov/standards/marcxml/schema/MARC21slim.xsd">
  <leader>     cam  2200421Ki 4500</leader>
  <controlfield tag="001">033857347</controlfield>
  <datafield tag="245" ind1="1" ind2="0">
    <subfield code="a">Breastfeeding :</subfield>
    <subfield code="b">a guide for the medical profession /</subfield>
    <subfield code="c">Ruth A. Lawrence, Robert M. Lawrence.</subfield>
  </datafield>
</record>