

<record xmlns="http://www.loc.gov/MARC21/slim"
xmlns:xsi="http://www.w3.org/2001/XMLSchema-instance"
xsi:schemaLocation="http://www.loc.gov/MARC21/slim
http://www.loc.gov/standards/marcxml/schema/MARC21slim.xsd">
  <leader>02185nam a2200457Ii 4500</leader>
  <controlfield tag="001">033098584</controlfield>
  <datafield tag="245" ind1="1" ind2="0">
    <subfield code="a">Stevens &amp; Lowe&apos;s human histology /</subfield>
    <subfield code="c">James S. Lowe, Peter G. Anderson.</subfield>
  </datafield>
  <datafield tag="500" ind1=" " ind2=" ">
    <subfield code="a">Preceded by Human histology / Alan Stevens, James Steven Lowe. 3rd ed. 2005.</subfield>
  </datafield>
</record>