

<record xmlns="http://www.loc.gov/MARC21/slim"
xmlns:xsi="http://www.w3.org/2001/XMLSchema-instance"
xsi:schemaLocation="http://www.loc.gov/MARC21/slim
http://www.loc.gov/standards/marcxml/schema/MARC21slim.xsd">
  <leader>     nam  2200349Ii 4500</leader>
  <controlfield tag="001">033868793</controlfield>
  <datafield tag="245" ind1="1" ind2="0">
    <subfield code="a">Netter&apos;s essential physiology /</subfield>
    <subfield code="c">Susan E. Mulroney and Adam K. Myers ; illustrations by Frank H. Netter; contributing illustrators, Carlos A. G. Machado, John A. Craig, James A. Perkins.</subfield>
  </datafield>
</record>