

<record xmlns="http://www.loc.gov/MARC21/slim"
xmlns:xsi="http://www.w3.org/2001/XMLSchema-instance"
xsi:schemaLocation="http://www.loc.gov/MARC21/slim
http://www.loc.gov/standards/marcxml/schema/MARC21slim.xsd">
  <leader>03153cam  22007098i 4500</leader>
  <controlfield tag="001">033192533</controlfield>
  <datafield tag="245" ind1="1" ind2="0">
    <subfield code="a">Geriatric emergencies /</subfield>
    <subfield code="c">Iona Murdoch, Sarah Turpin, Bree Johnston, Alasdair MacLullich, Eve Losman.</subfield>
  </datafield>
</record>