

<record xmlns="http://www.loc.gov/MARC21/slim"
xmlns:xsi="http://www.w3.org/2001/XMLSchema-instance"
xsi:schemaLocation="http://www.loc.gov/MARC21/slim
http://www.loc.gov/standards/marcxml/schema/MARC21slim.xsd">
  <leader>     cam  2200601Mi 4500</leader>
  <controlfield tag="001">034396578</controlfield>
  <datafield tag="245" ind1="1" ind2="0">
    <subfield code="a">Inside the cell :</subfield>
    <subfield code="b">the dark side of forensic DNA /</subfield>
    <subfield code="c">Erin E. Murphy.</subfield>
  </datafield>
</record>