

<record xmlns="http://www.loc.gov/MARC21/slim"
xmlns:xsi="http://www.w3.org/2001/XMLSchema-instance"
xsi:schemaLocation="http://www.loc.gov/MARC21/slim
http://www.loc.gov/standards/marcxml/schema/MARC21slim.xsd">
  <leader>01185nam  2200361Ki 4500</leader>
  <controlfield tag="001">033003436</controlfield>
  <datafield tag="245" ind1="1" ind2="0">
    <subfield code="a">Orthopedic secrets /</subfield>
    <subfield code="c">Surena Namdari, Stephan Pill, Samir Mehta.</subfield>
  </datafield>
</record>