

<record xmlns="http://www.loc.gov/MARC21/slim"
xmlns:xsi="http://www.w3.org/2001/XMLSchema-instance"
xsi:schemaLocation="http://www.loc.gov/MARC21/slim
http://www.loc.gov/standards/marcxml/schema/MARC21slim.xsd">
  <leader>     nam  2200385Ki 4500</leader>
  <controlfield tag="001">033321119</controlfield>
  <datafield tag="245" ind1="1" ind2="0">
    <subfield code="a">Body shaping :</subfield>
    <subfield code="b">skin fat cellulite /</subfield>
    <subfield code="c">Jeffery S. Orringer, Murad Alam, Jeffrey S. Dover.</subfield>
  </datafield>
</record>