

<record xmlns="http://www.loc.gov/MARC21/slim"
xmlns:xsi="http://www.w3.org/2001/XMLSchema-instance"
xsi:schemaLocation="http://www.loc.gov/MARC21/slim
http://www.loc.gov/standards/marcxml/schema/MARC21slim.xsd">
  <leader>     cam  22005298i 4500</leader>
  <controlfield tag="001">033223706</controlfield>
  <datafield tag="245" ind1="1" ind2="0">
    <subfield code="a">Sims&apos; symptoms in the mind :</subfield>
    <subfield code="b">an introduction to descriptive psychopathology /</subfield>
    <subfield code="c">Femi Oyebode.</subfield>
  </datafield>
  <datafield tag="500" ind1=" " ind2=" ">
    <subfield code="a">Preceded by: Sims&apos; symptoms in the mind / Femi Oyebode. 4th ed. 2008.</subfield>
  </datafield>
  <datafield tag="500" ind1=" " ind2=" ">
    <subfield code="a">Preceded by: Sims&apos; symptoms in the mind / Femi Oyebode. 4th ed. 2008.</subfield>
  </datafield>
</record>