

<record xmlns="http://www.loc.gov/MARC21/slim"
xmlns:xsi="http://www.w3.org/2001/XMLSchema-instance"
xsi:schemaLocation="http://www.loc.gov/MARC21/slim
http://www.loc.gov/standards/marcxml/schema/MARC21slim.xsd">
  <leader>     nam  2200373Ii 4500</leader>
  <controlfield tag="001">033868720</controlfield>
  <datafield tag="245" ind1="1" ind2="0">
    <subfield code="a">Hurwitz clinical pediatric dermatology :</subfield>
    <subfield code="b">a textbook of skin disorders of childhood and adolescence.</subfield>
  </datafield>
</record>