

<record xmlns="http://www.loc.gov/MARC21/slim"
xmlns:xsi="http://www.w3.org/2001/XMLSchema-instance"
xsi:schemaLocation="http://www.loc.gov/MARC21/slim
http://www.loc.gov/standards/marcxml/schema/MARC21slim.xsd">
  <leader>     nam  2200361Ki 4500</leader>
  <controlfield tag="001">033625002</controlfield>
  <datafield tag="245" ind1="1" ind2="0">
    <subfield code="a">Pathology :</subfield>
    <subfield code="b">a modern case study /</subfield>
    <subfield code="c">[edited by] Howard M. Reisner, PhD, Department of Pathology and Laboratory Medicine, University of North Carolina, Chapel Hill, North Carolina.</subfield>
  </datafield>
</record>