

<record xmlns="http://www.loc.gov/MARC21/slim"
xmlns:xsi="http://www.w3.org/2001/XMLSchema-instance"
xsi:schemaLocation="http://www.loc.gov/MARC21/slim
http://www.loc.gov/standards/marcxml/schema/MARC21slim.xsd">
  <leader>     nam  2200445Ii 4500</leader>
  <controlfield tag="001">033627881</controlfield>
  <datafield tag="245" ind1="1" ind2="0">
    <subfield code="a">Color atlas of human anatomy.</subfield>
    <subfield code="n">Volume 1,</subfield>
    <subfield code="p">Locomotor system /</subfield>
    <subfield code="c">Werner Platzer ; illustrations by Gerhard Spitzer.</subfield>
  </datafield>
</record>