

<record xmlns="http://www.loc.gov/MARC21/slim"
xmlns:xsi="http://www.w3.org/2001/XMLSchema-instance"
xsi:schemaLocation="http://www.loc.gov/MARC21/slim
http://www.loc.gov/standards/marcxml/schema/MARC21slim.xsd">
  <leader>02320nam  2200457Ki 4500</leader>
  <controlfield tag="001">033224610</controlfield>
  <datafield tag="245" ind1="1" ind2="0">
    <subfield code="a">Pediatric decision-making strategies /</subfield>
    <subfield code="c">Albert J. Pomeranz, Svapna Sabnis, Sharon L. Busey, Robert M. Kliegman.</subfield>
  </datafield>
  <datafield tag="500" ind1=" " ind2=" ">
    <subfield code="a">Preceded by Pediatric decision-making strategies to accompany Nelson Textbook of Pediatrics, 16th ed. / Albert J. Pomeranz [and others]. c2002.</subfield>
  </datafield>
</record>