

<record xmlns="http://www.loc.gov/MARC21/slim"
xmlns:xsi="http://www.w3.org/2001/XMLSchema-instance"
xsi:schemaLocation="http://www.loc.gov/MARC21/slim
http://www.loc.gov/standards/marcxml/schema/MARC21slim.xsd">
  <leader>01286nam  2200361Ki 4500</leader>
  <controlfield tag="001">033224612</controlfield>
  <datafield tag="245" ind1="1" ind2="0">
    <subfield code="a">Rang &amp; Dale&apos;s pharmacology /</subfield>
    <subfield code="c">Humphrey P. Rang, James M. Ritter, Rod J. Flower, Graeme Henderson.</subfield>
  </datafield>
</record>