

<record xmlns="http://www.loc.gov/MARC21/slim"
xmlns:xsi="http://www.w3.org/2001/XMLSchema-instance"
xsi:schemaLocation="http://www.loc.gov/MARC21/slim
http://www.loc.gov/standards/marcxml/schema/MARC21slim.xsd">
  <leader>     cam  2200445Ii 4500</leader>
  <controlfield tag="001">034186048</controlfield>
  <datafield tag="245" ind1="1" ind2="0">
    <subfield code="a">Palpation techniques :</subfield>
    <subfield code="b">surface anatomy for physical therapists /</subfield>
    <subfield code="c">Bernhard Reichert.</subfield>
  </datafield>
  <datafield tag="500" ind1=" " ind2=" ">
    <subfield code="a">&quot;This book is an authorized and revised, merged translation of Vol 1 (3rd ed) and Vol 2 of the German edition published and copyrighted 2012 and 2007 by Georg Thieme Verlag, Stuttgart&quot;--Title page verso.</subfield>
  </datafield>
</record>