

<record xmlns="http://www.loc.gov/MARC21/slim"
xmlns:xsi="http://www.w3.org/2001/XMLSchema-instance"
xsi:schemaLocation="http://www.loc.gov/MARC21/slim
http://www.loc.gov/standards/marcxml/schema/MARC21slim.xsd">
  <leader>     nam  2200361Ii 4500</leader>
  <controlfield tag="001">033388286</controlfield>
  <datafield tag="245" ind1="1" ind2="0">
    <subfield code="a">Langman&apos;s medical embryology /</subfield>
    <subfield code="c">T.W. Sadler, Ph. D., Consultant, Birth Defects Prevention, Twin Bridges, Madison County, Montana, Adjunct Professor of Pediatrics, University of Utah, Visiting Professor of Embroyology, East Tennessee State University, Quillen School of Medicine, Senior Scholar, Greenwood Genetics Center, Greenwood, South Carolina ; computer illustrations by Susan L. Sadler-Redmond ; scanning electron micrographs by Kathy Tosney ; ultrasound images by Jan Byrne and Hytham Imseis.</subfield>
  </datafield>
  <datafield tag="500" ind1=" " ind2=" ">
    <subfield code="a">Includes index.</subfield>
  </datafield>
</record>