

<record xmlns="http://www.loc.gov/MARC21/slim"
xmlns:xsi="http://www.w3.org/2001/XMLSchema-instance"
xsi:schemaLocation="http://www.loc.gov/MARC21/slim
http://www.loc.gov/standards/marcxml/schema/MARC21slim.xsd">
  <leader>03045cam  2200469Ki 4500</leader>
  <controlfield tag="001">033042715</controlfield>
  <datafield tag="245" ind1="1" ind2="0">
    <subfield code="a">Larsen&apos;s human embryology /</subfield>
    <subfield code="c">Gary C. Schoenwolf, Steven B. Bleyl, Philip R. Brauer, Philippa H. Francis-West.</subfield>
  </datafield>
</record>