

<record xmlns="http://www.loc.gov/MARC21/slim"
xmlns:xsi="http://www.w3.org/2001/XMLSchema-instance"
xsi:schemaLocation="http://www.loc.gov/MARC21/slim
http://www.loc.gov/standards/marcxml/schema/MARC21slim.xsd">
  <leader>     cam  2200529Ki 4500</leader>
  <controlfield tag="001">032829524</controlfield>
  <datafield tag="245" ind1="1" ind2="0">
    <subfield code="a">Techniques in revision hip and knee arthroplasty /</subfield>
    <subfield code="c">Giles R. Scuderi, Alfred J. Tria, Jr., William J. Long, Michael N. Kang.</subfield>
  </datafield>
</record>