

<record xmlns="http://www.loc.gov/MARC21/slim"
xmlns:xsi="http://www.w3.org/2001/XMLSchema-instance"
xsi:schemaLocation="http://www.loc.gov/MARC21/slim
http://www.loc.gov/standards/marcxml/schema/MARC21slim.xsd">
  <leader>     nam  2200493Ii 4500</leader>
  <controlfield tag="001">033646467</controlfield>
  <datafield tag="245" ind1="1" ind2="0">
    <subfield code="a">Color atlas of physiology /</subfield>
    <subfield code="c">Stefan Silbernagl, Agamemnon Despopoulos ; color plates by Ruediger Gay and Astried Rothenburger ; translator: Geraldine O&apos;Sullivan.</subfield>
  </datafield>
  <datafield tag="500" ind1=" " ind2=" ">
    <subfield code="a">&quot;This book is an authorized translation of the 8th German edition published and copyrighted 2012 by Georg Thieme Verlag, Stuttgart. Title of the German edition: Taschenatlas Physiologie.&quot;</subfield>
  </datafield>
</record>