

<record xmlns="http://www.loc.gov/MARC21/slim"
xmlns:xsi="http://www.w3.org/2001/XMLSchema-instance"
xsi:schemaLocation="http://www.loc.gov/MARC21/slim
http://www.loc.gov/standards/marcxml/schema/MARC21slim.xsd">
  <leader>     nam  2200481Ki 4500</leader>
  <controlfield tag="001">032954699</controlfield>
  <datafield tag="245" ind1="1" ind2="0">
    <subfield code="a">Green&apos;s skeletal trauma in children /</subfield>
    <subfield code="c">[edited by] Gregory A. Mencio, Marc F. Swiontkowski.</subfield>
  </datafield>
  <datafield tag="500" ind1=" " ind2=" ">
    <subfield code="a">Preceded by Skeletal trauma in children / [edited by] Neil E. Green, Marc F. Swiontkowski. 4th ed. c2009.</subfield>
  </datafield>
</record>