

<record xmlns="http://www.loc.gov/MARC21/slim"
xmlns:xsi="http://www.w3.org/2001/XMLSchema-instance"
xsi:schemaLocation="http://www.loc.gov/MARC21/slim
http://www.loc.gov/standards/marcxml/schema/MARC21slim.xsd">
  <leader>02480nam  2200469Ki 4500</leader>
  <controlfield tag="001">033224613</controlfield>
  <datafield tag="245" ind1="1" ind2="0">
    <subfield code="a">Sleisenger and Fordtran&apos;s gastrointestinal and liver disease :</subfield>
    <subfield code="b">pathophysiology/diagnosis/management /</subfield>
    <subfield code="c">[edited by] Mark Feldman, Lawrence S. Friedman, Lawrence J. Brandt.</subfield>
  </datafield>
</record>