

<record xmlns="http://www.loc.gov/MARC21/slim"
xmlns:xsi="http://www.w3.org/2001/XMLSchema-instance"
xsi:schemaLocation="http://www.loc.gov/MARC21/slim
http://www.loc.gov/standards/marcxml/schema/MARC21slim.xsd">
  <leader>03941nam  2200409 i 4500</leader>
  <controlfield tag="001">033603281</controlfield>
  <datafield tag="245" ind1="1" ind2="0">
    <subfield code="a">Motivational interviewing in diabetes care /</subfield>
    <subfield code="c">Marc P. Steinberg, William R. Miller.</subfield>
  </datafield>
  <datafield tag="590" ind1=" " ind2=" ">
    <subfield code="a">Electronic reproduction. Palo Alto, Calif. : ebrary, 2015. Available via World Wide Web. Access may be limited to ebrary affiliated libraries.</subfield>
  </datafield>
</record>