

<record xmlns="http://www.loc.gov/MARC21/slim"
xmlns:xsi="http://www.w3.org/2001/XMLSchema-instance"
xsi:schemaLocation="http://www.loc.gov/MARC21/slim
http://www.loc.gov/standards/marcxml/schema/MARC21slim.xsd">
  <leader>     nam  2200385Ii 4500</leader>
  <controlfield tag="001">033031601</controlfield>
  <datafield tag="245" ind1="1" ind2="0">
    <subfield code="a">Symptom to diagnosis:</subfield>
    <subfield code="b">an evidence-based guide /</subfield>
    <subfield code="c">Scott D.C. Stern, Adam S. Cifu, Diane Altkorn.</subfield>
  </datafield>
</record>