

<record xmlns="http://www.loc.gov/MARC21/slim"
xmlns:xsi="http://www.w3.org/2001/XMLSchema-instance"
xsi:schemaLocation="http://www.loc.gov/MARC21/slim
http://www.loc.gov/standards/marcxml/schema/MARC21slim.xsd">
  <leader>     nam  2200385Ki 4500</leader>
  <controlfield tag="001">033406253</controlfield>
  <datafield tag="245" ind1="1" ind2="4">
    <subfield code="a">The only EKG book you&apos;ll ever need /</subfield>
    <subfield code="c">Malcolm S. Thaler.</subfield>
  </datafield>
  <datafield tag="500" ind1=" " ind2=" ">
    <subfield code="a">Title from title screen (viewed May 20, 2015).</subfield>
  </datafield>
  <datafield tag="500" ind1=" " ind2=" ">
    <subfield code="a">Includes index.</subfield>
  </datafield>
</record>