

<record xmlns="http://www.loc.gov/MARC21/slim"
xmlns:xsi="http://www.w3.org/2001/XMLSchema-instance"
xsi:schemaLocation="http://www.loc.gov/MARC21/slim
http://www.loc.gov/standards/marcxml/schema/MARC21slim.xsd">
  <leader>02850nam  2200397 i 4500</leader>
  <controlfield tag="001">033181644</controlfield>
  <datafield tag="245" ind1="1" ind2="4">
    <subfield code="a">The patient will see you now :</subfield>
    <subfield code="b">the future of medicine is in your hands /</subfield>
    <subfield code="c">Eric Topol.</subfield>
  </datafield>
  <datafield tag="590" ind1=" " ind2=" ">
    <subfield code="a">Electronic reproduction. Palo Alto, Calif. : ebrary, 2014. Available via World Wide Web. Access may be limited to ebrary affiliated libraries.</subfield>
  </datafield>
</record>

<record xmlns="http://www.loc.gov/MARC21/slim"
xmlns:xsi="http://www.w3.org/2001/XMLSchema-instance"
xsi:schemaLocation="http://www.loc.gov/MARC21/slim
http://www.loc.gov/standards/marcxml/schema/MARC21slim.xsd">
  <leader>     cam  2200505Ia 4500</leader>
  <controlfield tag="001">034233757</controlfield>
  <datafield tag="245" ind1="1" ind2="0">
    <subfield code="a">Case files.</subfield>
    <subfield code="p">Medical ethics and professionalism /</subfield>
    <subfield code="c">Eugene C. Toy, MD, Vice Chair of Academic Affairs, Director of Generalist Division, Department of Obstetrics and Gynecology, the Methodist Hospital, Houston, Texas, Clinical Professor and Clerkship Director, Department of Obstetrics and Gynecology, University of Texas Medical School at Houston, Houston, Texas, John S. Dunn Senior Academic Chair, Department of Obstetrics and Gynecology, St. Jospeh Medical Center, Houston, Texas, Susan P. Raine, MD, JD, LLM, MEd, Vice Chair of Global Health Initiatives, Associate Professor, Department of Obstetrics and Gynecology, Associate Professor, Center for Medical Ethics and Health Policy, Baylor College of Medicine, Houston, Texas, Thomas I. Cochrane, MD, MBA, Assistant Professor of Neurology, Harvard Medical School, Associate Neurologist, Senior Ethics Consultant, Brigham and Women&apos;s Hospital, Boston, Massachusetts.</subfield>
  </datafield>
</record>