

<record xmlns="http://www.loc.gov/MARC21/slim"
xmlns:xsi="http://www.w3.org/2001/XMLSchema-instance"
xsi:schemaLocation="http://www.loc.gov/MARC21/slim
http://www.loc.gov/standards/marcxml/schema/MARC21slim.xsd">
  <leader>     nam  2200433Ii 4500</leader>
  <controlfield tag="001">033938026</controlfield>
  <datafield tag="245" ind1="1" ind2="0">
    <subfield code="a">Case files.</subfield>
    <subfield code="p">Cardiology /</subfield>
    <subfield code="c">Eugene C. Toy, MD, Vice Chair of Academic Affairs and Clerkship Director, Director of Division of General Obstertrics-Gynecology, Department of Obstetrics and Gynecology, The Methodist Hospital, Houston, Texas, Clinical Professor and Clerkship Director, Department of Obstetrics and Gynecology, University of Texas Medical School at Houston, Houston, Texas, Associate Clinical Professor, Well Cornell College of Medicine, New York, New York, Michael D. Faulx, MD, Assistant Professor of Medicine, Lerner College of Medicine, Cleveland, Ohio, Associate Program Director, Internal Medicine Residency, Cleveland Clinic, Cleveland, Ohio, Staff Cardiologist, Section of Clinical Cardiology, Miller Family Heart and Vascular Institute, Cleveland Clinic, Cleveland, Ohio.</subfield>
  </datafield>
</record>