

<record xmlns="http://www.loc.gov/MARC21/slim"
xmlns:xsi="http://www.w3.org/2001/XMLSchema-instance"
xsi:schemaLocation="http://www.loc.gov/MARC21/slim
http://www.loc.gov/standards/marcxml/schema/MARC21slim.xsd">
  <leader>     cam  2200577Ii 4500</leader>
  <controlfield tag="001">033937874</controlfield>
  <datafield tag="245" ind1="1" ind2="0">
    <subfield code="a">Case files.</subfield>
    <subfield code="p">Anatomy</subfield>
    <subfield code="h">[electronic resource] /</subfield>
    <subfield code="c">Eugene C. Toy, Lawrence M. Ross, Han Zhang, Cristo Papasakelariou.</subfield>
  </datafield>
  <datafield tag="500" ind1=" " ind2=" ">
    <subfield code="a">Preceded by Case files. Anatomy / Eugene C. Toy [and others]. 2nd ed. c2008.</subfield>
  </datafield>
</record>