

<record xmlns="http://www.loc.gov/MARC21/slim"
xmlns:xsi="http://www.w3.org/2001/XMLSchema-instance"
xsi:schemaLocation="http://www.loc.gov/MARC21/slim
http://www.loc.gov/standards/marcxml/schema/MARC21slim.xsd">
  <leader>     cam  2200457Ii 4500</leader>
  <controlfield tag="001">033749809</controlfield>
  <datafield tag="245" ind1="1" ind2="0">
    <subfield code="a">Katzung &amp; Trevor&apos;s pharmacology :</subfield>
    <subfield code="b">examination &amp; board review /</subfield>
    <subfield code="c">Anthony J. Trevor, PhD, Professor Emeritus of Pharmacology and Toxicology, Department of Cellular &amp; Molecular Pharmacology, University of California, San Francisco, Bertram G. Katzung, MD, PhD, Professor Emeritus of Pharmacology, Department of Cellular &amp; Molecular Pharmacology, University of California, San Francisco, Marieke Kruidering-Hall, PhD, Associate Professor &amp; Academy Chair of Pharmacology Education, Department of Cellular &amp; Molecular Pharmacology, University of California, San Francisco.</subfield>
  </datafield>
  <datafield tag="500" ind1=" " ind2=" ">
    <subfield code="a">&quot;A Lange medical book.&quot;</subfield>
  </datafield>
</record>