

<record xmlns="http://www.loc.gov/MARC21/slim"
xmlns:xsi="http://www.w3.org/2001/XMLSchema-instance"
xsi:schemaLocation="http://www.loc.gov/MARC21/slim
http://www.loc.gov/standards/marcxml/schema/MARC21slim.xsd">
  <leader>01605nam  2200433Ki 4500</leader>
  <controlfield tag="001">033042719</controlfield>
  <datafield tag="245" ind1="1" ind2="0">
    <subfield code="a">Urogynecology and reconstructive pelvic surgery /</subfield>
    <subfield code="c">[edited by] Mark D. Walters, Mickey M. Karram.</subfield>
  </datafield>
</record>