

<record xmlns="http://www.loc.gov/MARC21/slim"
xmlns:xsi="http://www.w3.org/2001/XMLSchema-instance"
xsi:schemaLocation="http://www.loc.gov/MARC21/slim
http://www.loc.gov/standards/marcxml/schema/MARC21slim.xsd">
  <leader>     nam  2200433Ki 4500</leader>
  <controlfield tag="001">033421024</controlfield>
  <datafield tag="245" ind1="1" ind2="0">
    <subfield code="a">Nolte&apos;s the human brain :</subfield>
    <subfield code="b">an introduction to its functional anatomy /</subfield>
    <subfield code="c">Todd W. Vanderah, Douglas J. Gould.</subfield>
  </datafield>
  <datafield tag="500" ind1=" " ind2=" ">
    <subfield code="a">Preceded by: The human brain / John Nolte. 6th ed. c2009.</subfield>
  </datafield>
</record>