

<record xmlns="http://www.loc.gov/MARC21/slim"
xmlns:xsi="http://www.w3.org/2001/XMLSchema-instance"
xsi:schemaLocation="http://www.loc.gov/MARC21/slim
http://www.loc.gov/standards/marcxml/schema/MARC21slim.xsd">
  <leader>     cam  2200409Ki 4500</leader>
  <controlfield tag="001">033323749</controlfield>
  <datafield tag="245" ind1="1" ind2="0">
    <subfield code="a">Easy EMG :</subfield>
    <subfield code="b">a guide to performing nerve conduction studies and electromyography /</subfield>
    <subfield code="c">Jay M. Weiss, Lyn D. Weiss, Julie K. Silver.</subfield>
  </datafield>
</record>