

<record xmlns="http://www.loc.gov/MARC21/slim"
xmlns:xsi="http://www.w3.org/2001/XMLSchema-instance"
xsi:schemaLocation="http://www.loc.gov/MARC21/slim
http://www.loc.gov/standards/marcxml/schema/MARC21slim.xsd">
  <leader>     cam  2200373Ki 4500</leader>
  <controlfield tag="001">033660751</controlfield>
  <datafield tag="245" ind1="1" ind2="0">
    <subfield code="a">Genitourinary radiology :</subfield>
    <subfield code="b">the requisites /</subfield>
    <subfield code="c">Ronald J. Zagoria.</subfield>
  </datafield>
</record>