

<record xmlns="http://www.loc.gov/MARC21/slim"
xmlns:xsi="http://www.w3.org/2001/XMLSchema-instance"
xsi:schemaLocation="http://www.loc.gov/MARC21/slim
http://www.loc.gov/standards/marcxml/schema/MARC21slim.xsd">
  <leader>     nam a2200517Ii 4500</leader>
  <controlfield tag="001">034620652</controlfield>
  <datafield tag="245" ind1="0" ind2="0">
    <subfield code="a">Adult chest surgery /</subfield>
    <subfield code="c">editors, David J. Sugarbaker, Raphael Bueno, Yolonda L. Colson, Michael T. Jaklitsch, Mark J. Krasna, Steven J. Mentzer with Marcia Williams, Ann Adams.</subfield>
  </datafield>
</record>