

<record xmlns="http://www.loc.gov/MARC21/slim"
xmlns:xsi="http://www.w3.org/2001/XMLSchema-instance"
xsi:schemaLocation="http://www.loc.gov/MARC21/slim
http://www.loc.gov/standards/marcxml/schema/MARC21slim.xsd">
  <leader>     cam  22006613i 4500</leader>
  <controlfield tag="001">034585441</controlfield>
  <datafield tag="245" ind1="0" ind2="0">
    <subfield code="a">Rheumatology secrets /</subfield>
    <subfield code="c">Sterling G. West, MD, MACP, FACR, Professor of Medicine, Department of Medicine, Division of Rheumatology, University of Colorado School of Medicine, Aurora, Colorado.</subfield>
  </datafield>
</record>