

<record xmlns="http://www.loc.gov/MARC21/slim"
xmlns:xsi="http://www.w3.org/2001/XMLSchema-instance"
xsi:schemaLocation="http://www.loc.gov/MARC21/slim
http://www.loc.gov/standards/marcxml/schema/MARC21slim.xsd">
  <leader>     cam  2200541Ii 4500</leader>
  <controlfield tag="001">034336341</controlfield>
  <datafield tag="245" ind1="0" ind2="4">
    <subfield code="a">The Fenway guide to lesbian, gay, bisexual, and transgender health /</subfield>
    <subfield code="c">[edited by] Harvey Makadon, MD, Kenneth Mayer, MD, Jennifer Potter, MD, Hilary Goldhammer, MS.</subfield>
  </datafield>
</record>