

<record xmlns="http://www.loc.gov/MARC21/slim"
xmlns:xsi="http://www.w3.org/2001/XMLSchema-instance"
xsi:schemaLocation="http://www.loc.gov/MARC21/slim
http://www.loc.gov/standards/marcxml/schema/MARC21slim.xsd">
  <leader>02657cam  2200481Ki 4500</leader>
  <controlfield tag="001">034201412</controlfield>
  <datafield tag="245" ind1="0" ind2="0">
    <subfield code="a">Movement disorders in childhood /</subfield>
    <subfield code="c">Harvey S. Singer, Jonathan W. Mink, Donald L. Gilbert, Joseph Jankovic.</subfield>
  </datafield>
  <datafield tag="500" ind1=" " ind2=" ">
    <subfield code="a">Includes index.</subfield>
  </datafield>
</record>