

<record xmlns="http://www.loc.gov/MARC21/slim"
xmlns:xsi="http://www.w3.org/2001/XMLSchema-instance"
xsi:schemaLocation="http://www.loc.gov/MARC21/slim
http://www.loc.gov/standards/marcxml/schema/MARC21slim.xsd">
  <leader>06636cam  2200853Ii 4500</leader>
  <controlfield tag="001">034201118</controlfield>
  <datafield tag="245" ind1="0" ind2="0">
    <subfield code="a">Advanced cardiac imaging /</subfield>
    <subfield code="c">edited by Koen Nieman, Oliver Gaemperli, Patrizio Lancellotti and Sven Plein.</subfield>
  </datafield>
</record>