

<record xmlns="http://www.loc.gov/MARC21/slim"
xmlns:xsi="http://www.w3.org/2001/XMLSchema-instance"
xsi:schemaLocation="http://www.loc.gov/MARC21/slim
http://www.loc.gov/standards/marcxml/schema/MARC21slim.xsd">
  <leader>     nam  2200421Ii 4500</leader>
  <controlfield tag="001">034185849</controlfield>
  <datafield tag="245" ind1="0" ind2="0">
    <subfield code="a">IM essentials text :</subfield>
    <subfield code="b">a medical knowledge self-assessment program® (MKSAP) for students /</subfield>
    <subfield code="c">[edited by] Philip A. Masters.</subfield>
  </datafield>
  <datafield tag="500" ind1=" " ind2=" ">
    <subfield code="a">Errata found at https://ime.acponline.org/errata.</subfield>
  </datafield>
</record>