

<record xmlns="http://www.loc.gov/MARC21/slim"
xmlns:xsi="http://www.w3.org/2001/XMLSchema-instance"
xsi:schemaLocation="http://www.loc.gov/MARC21/slim
http://www.loc.gov/standards/marcxml/schema/MARC21slim.xsd">
  <leader>     cam  2200493Ii 4500</leader>
  <controlfield tag="001">034052816</controlfield>
  <datafield tag="245" ind1="0" ind2="0">
    <subfield code="a">Understanding mental disorders</subfield>
    <subfield code="h">[electronic resource] :</subfield>
    <subfield code="b">your guide to DSM-5 /</subfield>
    <subfield code="c">with foreword by Patrick J. Kennedy.</subfield>
  </datafield>
</record>