

<record xmlns="http://www.loc.gov/MARC21/slim"
xmlns:xsi="http://www.w3.org/2001/XMLSchema-instance"
xsi:schemaLocation="http://www.loc.gov/MARC21/slim
http://www.loc.gov/standards/marcxml/schema/MARC21slim.xsd">
  <leader>     cam  2200565Ki 4500</leader>
  <controlfield tag="001">034044324</controlfield>
  <datafield tag="245" ind1="0" ind2="0">
    <subfield code="a">First Aid for the USMLE Step 1 2015 /</subfield>
    <subfield code="c">Tao Le, Vikas Bhushan, Matthew Sochat, Patrick Sylvester, Michael Mehlman, Kimberly Kallianos.</subfield>
  </datafield>
</record>