

<record xmlns="http://www.loc.gov/MARC21/slim"
xmlns:xsi="http://www.w3.org/2001/XMLSchema-instance"
xsi:schemaLocation="http://www.loc.gov/MARC21/slim
http://www.loc.gov/standards/marcxml/schema/MARC21slim.xsd">
  <leader>     cam  2200649Ki 4500</leader>
  <controlfield tag="001">034019066</controlfield>
  <datafield tag="245" ind1="0" ind2="0">
    <subfield code="a">Exercise for aging adults :</subfield>
    <subfield code="b">a guide for practitioners /</subfield>
    <subfield code="c">edited by Gail M. Sullivan, Alice K. Pomidor.</subfield>
  </datafield>
</record>