

<record xmlns="http://www.loc.gov/MARC21/slim"
xmlns:xsi="http://www.w3.org/2001/XMLSchema-instance"
xsi:schemaLocation="http://www.loc.gov/MARC21/slim
http://www.loc.gov/standards/marcxml/schema/MARC21slim.xsd">
  <leader>     nam  2200409Ii 4500</leader>
  <controlfield tag="001">033988560</controlfield>
  <datafield tag="245" ind1="0" ind2="0">
    <subfield code="a">Endodontics :</subfield>
    <subfield code="b">principles and practice /</subfield>
    <subfield code="c">Mahmoud Torabinejad, DMD, MSD, PhD, Professor and Program Director, Department of Endodontics, School of Dentistry, Loma Linda University, Loma Linda, California, Richard E. Walton, DMD, MS, Professor Emeritus, Department of Endodontics, The University of Iowa, College of Dentistry, Iowa City, Iowa, Ashraf F. Fouad, BDS, DDS, MS, Department of Endodontics, Prosthodontics and Operative Dentistry, School of Dentistry, University of Maryland, Baltimore, Maryland.</subfield>
  </datafield>
</record>