

<record xmlns="http://www.loc.gov/MARC21/slim"
xmlns:xsi="http://www.w3.org/2001/XMLSchema-instance"
xsi:schemaLocation="http://www.loc.gov/MARC21/slim
http://www.loc.gov/standards/marcxml/schema/MARC21slim.xsd">
  <leader>     cam  2200481Ii 4500</leader>
  <controlfield tag="001">033987377</controlfield>
  <datafield tag="245" ind1="0" ind2="0">
    <subfield code="a">Cohen&apos;s pathways of the pulp /</subfield>
    <subfield code="c">editors, Kenneth M. Hargreaves, Louis H. Berman ; web editor, Ilan Rotstein.</subfield>
  </datafield>
</record>