

<record xmlns="http://www.loc.gov/MARC21/slim"
xmlns:xsi="http://www.w3.org/2001/XMLSchema-instance"
xsi:schemaLocation="http://www.loc.gov/MARC21/slim
http://www.loc.gov/standards/marcxml/schema/MARC21slim.xsd">
  <leader>     cam  2200445Mi 4500</leader>
  <controlfield tag="001">033984323</controlfield>
  <datafield tag="245" ind1="0" ind2="0">
    <subfield code="a">Quick medical diagnosis &amp; treatment 2016 /</subfield>
    <subfield code="c">Maxine A. Papadakis, Stephen J. McPhee.</subfield>
  </datafield>
  <datafield tag="500" ind1=" " ind2=" ">
    <subfield code="a">&quot;Content is derived from Current Medical Diagnosis &amp; Treatment (CMDT), the leading medicine textbook for hospital and outpatient settings, and is compiled by the editorial team of Maxine A. Papadakis, Stephen J. McPhee, and Jennifer Bernstein&quot;--Preface.</subfield>
  </datafield>
</record>