

<record xmlns="http://www.loc.gov/MARC21/slim"
xmlns:xsi="http://www.w3.org/2001/XMLSchema-instance"
xsi:schemaLocation="http://www.loc.gov/MARC21/slim
http://www.loc.gov/standards/marcxml/schema/MARC21slim.xsd">
  <leader>     nam  2200361Ii 4500</leader>
  <controlfield tag="001">033937754</controlfield>
  <datafield tag="245" ind1="0" ind2="0">
    <subfield code="a">Shelf-life surgery /</subfield>
    <subfield code="c">editor, Stanley Zaslau, Professor and Chief, Urology Residency Program Director, Asasociate Chair, Education and Research, Department of Surgery, Department of Surgery/Division of Urology, West Virginia University, Morgantown, West University.</subfield>
  </datafield>
  <datafield tag="500" ind1=" " ind2=" ">
    <subfield code="a">Includes index.</subfield>
  </datafield>
</record>