

<record xmlns="http://www.loc.gov/MARC21/slim"
xmlns:xsi="http://www.w3.org/2001/XMLSchema-instance"
xsi:schemaLocation="http://www.loc.gov/MARC21/slim
http://www.loc.gov/standards/marcxml/schema/MARC21slim.xsd">
  <leader>     nam  2200457Ii 4500</leader>
  <controlfield tag="001">033937560</controlfield>
  <datafield tag="245" ind1="0" ind2="0">
    <subfield code="a">Advanced surgical recall /</subfield>
    <subfield code="c">Recall series editor and senior editor, Lorne H. Blackbourne ; advisor, Curtis Tribble.</subfield>
  </datafield>
  <datafield tag="500" ind1=" " ind2=" ">
    <subfield code="a">Includes index.</subfield>
  </datafield>
</record>