

<record xmlns="http://www.loc.gov/MARC21/slim"
xmlns:xsi="http://www.w3.org/2001/XMLSchema-instance"
xsi:schemaLocation="http://www.loc.gov/MARC21/slim
http://www.loc.gov/standards/marcxml/schema/MARC21slim.xsd">
  <leader>     nam  2200373Ii 4500</leader>
  <controlfield tag="001">033933904</controlfield>
  <datafield tag="245" ind1="0" ind2="0">
    <subfield code="a">Shelf-life pediatrics /</subfield>
    <subfield code="c">editors, Sonali Mehta Patel, MD, FAAP, Kent Nelson, MD, FAAP, Stephanie R. Jennings, MD, FAAP.</subfield>
  </datafield>
  <datafield tag="500" ind1=" " ind2=" ">
    <subfield code="a">Includes index.</subfield>
  </datafield>
</record>