

<record xmlns="http://www.loc.gov/MARC21/slim"
xmlns:xsi="http://www.w3.org/2001/XMLSchema-instance"
xsi:schemaLocation="http://www.loc.gov/MARC21/slim
http://www.loc.gov/standards/marcxml/schema/MARC21slim.xsd">
  <leader>     nam  2200445Ii 4500</leader>
  <controlfield tag="001">033929492</controlfield>
  <datafield tag="245" ind1="0" ind2="0">
    <subfield code="a">Shelf-life obstetrics and gynecology /</subfield>
    <subfield code="c">editors Elizabeth Buys, MD, Kristina Tocce, MD, MPH, Michele A. Manting, MD, MEd.</subfield>
  </datafield>
  <datafield tag="500" ind1=" " ind2=" ">
    <subfield code="a">Includes index.</subfield>
  </datafield>
</record>