

<record xmlns="http://www.loc.gov/MARC21/slim"
xmlns:xsi="http://www.w3.org/2001/XMLSchema-instance"
xsi:schemaLocation="http://www.loc.gov/MARC21/slim
http://www.loc.gov/standards/marcxml/schema/MARC21slim.xsd">
  <leader>     ntm  2200469Ii 4500</leader>
  <controlfield tag="001">033929420</controlfield>
  <datafield tag="245" ind1="0" ind2="0">
    <subfield code="a">Step-up to obstetrics and gynecology /</subfield>
    <subfield code="c">[edited by] Frank W. Ling, Russell R. Snyder, Sandra Ann Carson, Wesley C. Fowler.</subfield>
  </datafield>
</record>