

<record xmlns="http://www.loc.gov/MARC21/slim"
xmlns:xsi="http://www.w3.org/2001/XMLSchema-instance"
xsi:schemaLocation="http://www.loc.gov/MARC21/slim
http://www.loc.gov/standards/marcxml/schema/MARC21slim.xsd">
  <leader>     cam  2200433Ii 4500</leader>
  <controlfield tag="001">033916528</controlfield>
  <datafield tag="245" ind1="0" ind2="0">
    <subfield code="a">Miller&apos;s review of orthopaedics /</subfield>
    <subfield code="c">[edited by] Mark D. Miller, Stephen R. Thompson.</subfield>
  </datafield>
  <datafield tag="500" ind1=" " ind2=" ">
    <subfield code="a">Preceded by (expression): Review of orthopaedics / [edited by] Mark D. Miller, Stephen R. Thompson, Jennifer A. Hart. Sixth edition. [2012]</subfield>
  </datafield>
</record>