

<record xmlns="http://www.loc.gov/MARC21/slim"
xmlns:xsi="http://www.w3.org/2001/XMLSchema-instance"
xsi:schemaLocation="http://www.loc.gov/MARC21/slim
http://www.loc.gov/standards/marcxml/schema/MARC21slim.xsd">
  <leader>     cam  2200541Ii 4500</leader>
  <controlfield tag="001">033915294</controlfield>
  <datafield tag="245" ind1="0" ind2="0">
    <subfield code="a">Study guide to substance abuse treatment :</subfield>
    <subfield code="b">a companion to the American Psychiatric Publishing textbook of substance abuse treatment, fifth edition /</subfield>
    <subfield code="c">edited by Philip R. Muskin.</subfield>
  </datafield>
  <datafield tag="500" ind1=" " ind2=" ">
    <subfield code="a">&quot;DSM-5 edition&quot;--Cover.</subfield>
  </datafield>
</record>