

<record xmlns="http://www.loc.gov/MARC21/slim"
xmlns:xsi="http://www.w3.org/2001/XMLSchema-instance"
xsi:schemaLocation="http://www.loc.gov/MARC21/slim
http://www.loc.gov/standards/marcxml/schema/MARC21slim.xsd">
  <leader>     cam  2200469Ia 4500</leader>
  <controlfield tag="001">033914724</controlfield>
  <datafield tag="245" ind1="0" ind2="0">
    <subfield code="a">Study guide to psychiatry :</subfield>
    <subfield code="b">a companion to The American Psychiatric Publishing textbook of psychiatry, sixth edition /</subfield>
    <subfield code="c">edited by Philip R. Muskin.</subfield>
  </datafield>
  <datafield tag="500" ind1=" " ind2=" ">
    <subfield code="a">On cover and spine: &quot;DSM-5 edition.&quot;</subfield>
  </datafield>
</record>