

<record xmlns="http://www.loc.gov/MARC21/slim"
xmlns:xsi="http://www.w3.org/2001/XMLSchema-instance"
xsi:schemaLocation="http://www.loc.gov/MARC21/slim
http://www.loc.gov/standards/marcxml/schema/MARC21slim.xsd">
  <leader>     nam  2200457Ki 4500</leader>
  <controlfield tag="001">033883772</controlfield>
  <datafield tag="245" ind1="0" ind2="0">
    <subfield code="a">Tintinalli&apos;s emergency medicine :</subfield>
    <subfield code="b">a comprehensive study guide /</subfield>
    <subfield code="c">Judith E. Tintinalli, J. Stephan Stapczynski, O. John Ma, Donald M. Yealy, David M. Cline, Garth D. Meckler.</subfield>
  </datafield>
</record>