

<record xmlns="http://www.loc.gov/MARC21/slim"
xmlns:xsi="http://www.w3.org/2001/XMLSchema-instance"
xsi:schemaLocation="http://www.loc.gov/MARC21/slim
http://www.loc.gov/standards/marcxml/schema/MARC21slim.xsd">
  <leader>     cam  2200493Ki 4500</leader>
  <controlfield tag="001">033857469</controlfield>
  <datafield tag="245" ind1="0" ind2="0">
    <subfield code="a">Stroke :</subfield>
    <subfield code="b">pathophysiology, diagnosis, and management /</subfield>
    <subfield code="c">James C. Grotta, A. David Mendelow, Gregory W. Albers, Ralph L. Sacco, Joseph P. Broderick, Lawrence K.S. Wang, Scott E. Kasner, Eng H. Lo.</subfield>
  </datafield>
  <datafield tag="500" ind1=" " ind2=" ">
    <subfield code="a">Includes index.</subfield>
  </datafield>
</record>