

<record xmlns="http://www.loc.gov/MARC21/slim"
xmlns:xsi="http://www.w3.org/2001/XMLSchema-instance"
xsi:schemaLocation="http://www.loc.gov/MARC21/slim
http://www.loc.gov/standards/marcxml/schema/MARC21slim.xsd">
  <leader>     cam  2200577Ki 4500</leader>
  <controlfield tag="001">033857456</controlfield>
  <datafield tag="245" ind1="0" ind2="0">
    <subfield code="a">Pediatric allergy :</subfield>
    <subfield code="b">principles and practice /</subfield>
    <subfield code="c">Donald Y.M. Leung, Cezmi A. Akdis, Stanley J. Szefler, Hugh A. Sampson, Francisco A. Bonilla.</subfield>
  </datafield>
  <datafield tag="500" ind1=" " ind2=" ">
    <subfield code="a">Includes index.</subfield>
  </datafield>
</record>