

<record xmlns="http://www.loc.gov/MARC21/slim"
xmlns:xsi="http://www.w3.org/2001/XMLSchema-instance"
xsi:schemaLocation="http://www.loc.gov/MARC21/slim
http://www.loc.gov/standards/marcxml/schema/MARC21slim.xsd">
  <leader>     cam  2200433Ki 4500</leader>
  <controlfield tag="001">033857368</controlfield>
  <datafield tag="245" ind1="0" ind2="0">
    <subfield code="a">Brenner &amp; Rector&apos;s the kidney /</subfield>
    <subfield code="c">[edited by] Karl Skorecki, Glenn M. Chertow, Philip A. Marsden, Maarten W. Taal, Alan S.L. Yu ; special assistant to the editors, Walter G. Wasser.</subfield>
  </datafield>
</record>