

<record xmlns="http://www.loc.gov/MARC21/slim"
xmlns:xsi="http://www.w3.org/2001/XMLSchema-instance"
xsi:schemaLocation="http://www.loc.gov/MARC21/slim
http://www.loc.gov/standards/marcxml/schema/MARC21slim.xsd">
  <leader>     cam  2200889 i 4500</leader>
  <controlfield tag="001">033782911</controlfield>
  <datafield tag="245" ind1="0" ind2="0">
    <subfield code="a">Tips for the residency match :</subfield>
    <subfield code="b">what residency directors are really looking for /</subfield>
    <subfield code="c">edited by Justin W. Kung, Pauline M. Bishop, Priscilla J. Slanetz, Ronald L. Eisenberg.</subfield>
  </datafield>
</record>