

<record xmlns="http://www.loc.gov/MARC21/slim"
xmlns:xsi="http://www.w3.org/2001/XMLSchema-instance"
xsi:schemaLocation="http://www.loc.gov/MARC21/slim
http://www.loc.gov/standards/marcxml/schema/MARC21slim.xsd">
  <leader>     nam  2200397Ii 4500</leader>
  <controlfield tag="001">033751856</controlfield>
  <datafield tag="245" ind1="0" ind2="0">
    <subfield code="a">Lippincott illustrated reviews :</subfield>
    <subfield code="b">integrated systems /</subfield>
    <subfield code="c">editors, Sandra K. Leeper-Woodford, Linda R. Adkison.</subfield>
  </datafield>
</record>