

<record xmlns="http://www.loc.gov/MARC21/slim"
xmlns:xsi="http://www.w3.org/2001/XMLSchema-instance"
xsi:schemaLocation="http://www.loc.gov/MARC21/slim
http://www.loc.gov/standards/marcxml/schema/MARC21slim.xsd">
  <leader>     cam  2200517Ii 4500</leader>
  <controlfield tag="001">033643129</controlfield>
  <datafield tag="245" ind1="0" ind2="4">
    <subfield code="a">The American Psychiatric Publishing textbook of geriatric psychiatry /</subfield>
    <subfield code="c">Edited by David C. Steffens, Dan G. Blazer, Mugdha E. Thakur.</subfield>
  </datafield>
</record>