

<record xmlns="http://www.loc.gov/MARC21/slim"
xmlns:xsi="http://www.w3.org/2001/XMLSchema-instance"
xsi:schemaLocation="http://www.loc.gov/MARC21/slim
http://www.loc.gov/standards/marcxml/schema/MARC21slim.xsd">
  <leader>     cam  2200409Ki 4500</leader>
  <controlfield tag="001">033594719</controlfield>
  <datafield tag="245" ind1="0" ind2="0">
    <subfield code="a">Medical epidemiology :</subfield>
    <subfield code="b">population health and effective health care /</subfield>
    <subfield code="c">edited by Raymond S. Greenberg.</subfield>
  </datafield>
</record>