

<record xmlns="http://www.loc.gov/MARC21/slim"
xmlns:xsi="http://www.w3.org/2001/XMLSchema-instance"
xsi:schemaLocation="http://www.loc.gov/MARC21/slim
http://www.loc.gov/standards/marcxml/schema/MARC21slim.xsd">
  <leader>     cam  22004218i 4500</leader>
  <controlfield tag="001">033474797</controlfield>
  <datafield tag="245" ind1="0" ind2="0">
    <subfield code="a">Te Linde&apos;s operative gynecology.</subfield>
  </datafield>
  <datafield tag="500" ind1=" " ind2=" ">
    <subfield code="a">Editor&apos;s names reversed on previous edition.</subfield>
  </datafield>
</record>