

<record xmlns="http://www.loc.gov/MARC21/slim"
xmlns:xsi="http://www.w3.org/2001/XMLSchema-instance"
xsi:schemaLocation="http://www.loc.gov/MARC21/slim
http://www.loc.gov/standards/marcxml/schema/MARC21slim.xsd">
  <leader>     nam  2200373Ki 4500</leader>
  <controlfield tag="001">033421175</controlfield>
  <datafield tag="245" ind1="0" ind2="0">
    <subfield code="a">Textbook of pediatric rheumatology /</subfield>
    <subfield code="c">Ross E. Petty, Ronald M. Laxer, Carol B. Lindsley, Lucy R. Wedderburn.</subfield>
  </datafield>
  <datafield tag="500" ind1=" " ind2=" ">
    <subfield code="a">Includes index.</subfield>
  </datafield>
</record>