

<record xmlns="http://www.loc.gov/MARC21/slim"
xmlns:xsi="http://www.w3.org/2001/XMLSchema-instance"
xsi:schemaLocation="http://www.loc.gov/MARC21/slim
http://www.loc.gov/standards/marcxml/schema/MARC21slim.xsd">
  <leader>     nam  2200445Ki 4500</leader>
  <controlfield tag="001">033421030</controlfield>
  <datafield tag="245" ind1="0" ind2="0">
    <subfield code="a">Pediatric secrets /</subfield>
    <subfield code="c">[edited by] Richard A. Polin, MD, Professor of Pediatrics, Columbia University College of Physicians and Surgeons, Vice Chairman for Clinical and Academic Affairs, Director, Division of Neonatology, Morgan Stanley Children Hospital of New York, New York City, NY, Mark F. Ditmar, MD, Medical Officer, Health Resources and Services Administration, U.S. Department of Health and Human Services, Rockville, Maryland, Clinical Associate Professor of Pediatrics, Jefferson Medical College, Philadelphia, Pennsylvania.</subfield>
  </datafield>
</record>