

<record xmlns="http://www.loc.gov/MARC21/slim"
xmlns:xsi="http://www.w3.org/2001/XMLSchema-instance"
xsi:schemaLocation="http://www.loc.gov/MARC21/slim
http://www.loc.gov/standards/marcxml/schema/MARC21slim.xsd">
  <leader>     cam  2200649Ki 4500</leader>
  <controlfield tag="001">033420981</controlfield>
  <datafield tag="245" ind1="0" ind2="0">
    <subfield code="a">Cardiovascular intervention :</subfield>
    <subfield code="b">a companion to Braunwald&apos;s heart disease /</subfield>
    <subfield code="c">[edited by] Deepak L. Bhatt.</subfield>
  </datafield>
  <datafield tag="500" ind1=" " ind2=" ">
    <subfield code="a">Complemented by: Braunwald&apos;s heart disease / edited by Douglas L. Mann, Douglas P. Zipes, Peter Libby, Robert O. Bonow, Eugene Braunwald. 10th edition. [2015].</subfield>
  </datafield>
</record>