

<record xmlns="http://www.loc.gov/MARC21/slim"
xmlns:xsi="http://www.w3.org/2001/XMLSchema-instance"
xsi:schemaLocation="http://www.loc.gov/MARC21/slim
http://www.loc.gov/standards/marcxml/schema/MARC21slim.xsd">
  <leader>     cam  2200613Ii 4500</leader>
  <controlfield tag="001">033405637</controlfield>
  <datafield tag="245" ind1="0" ind2="0">
    <subfield code="a">Berek &amp; Hacker&apos;s gynecologic oncology /</subfield>
    <subfield code="c">[edited by] Jonathan S. Berek, MD, MMS, Laurie Kraus Lacob Professor, Director, Stanford Women&apos;s Cancer Center, Stanford Cancer Institute, Chair, Department of Obstetrics and Gynecology, Stanford University School of Medicine, Stanford, California, Neville F. Hacker, AM, MD, Professor of Gynaecologic Oncology, Conjoint, University of New Sourth Wales, Director, Gynaecologic Cancer Centre, Royal Hospital for Women, Sydney, Australia ; illustrations and design by Deborah Berek. MA, Tim Hengst, CMI, FAMI.</subfield>
  </datafield>
</record>