

<record xmlns="http://www.loc.gov/MARC21/slim"
xmlns:xsi="http://www.w3.org/2001/XMLSchema-instance"
xsi:schemaLocation="http://www.loc.gov/MARC21/slim
http://www.loc.gov/standards/marcxml/schema/MARC21slim.xsd">
  <leader>     cam  2200649Ii 4500</leader>
  <controlfield tag="001">033389943</controlfield>
  <datafield tag="245" ind1="0" ind2="0">
    <subfield code="a">Psychology and geriatrics :</subfield>
    <subfield code="b">integrated care for an aging population /</subfield>
    <subfield code="c">edited by Benjamin A. Bensadon.</subfield>
  </datafield>
  <datafield tag="590" ind1=" " ind2=" ">
    <subfield code="a">Elsevier</subfield>
    <subfield code="b">ScienceDirect All Books</subfield>
  </datafield>
</record>