

<record xmlns="http://www.loc.gov/MARC21/slim"
xmlns:xsi="http://www.w3.org/2001/XMLSchema-instance"
xsi:schemaLocation="http://www.loc.gov/MARC21/slim
http://www.loc.gov/standards/marcxml/schema/MARC21slim.xsd">
  <leader>     nam  2200373Ki 4500</leader>
  <controlfield tag="001">033388928</controlfield>
  <datafield tag="245" ind1="0" ind2="0">
    <subfield code="a">Nelson textbook of pediatrics /</subfield>
    <subfield code="c">Robert M. Kliegman, Bonita Stanton, Joseph St. Geme, Nina F. Schor.</subfield>
  </datafield>
</record>