

<record xmlns="http://www.loc.gov/MARC21/slim"
xmlns:xsi="http://www.w3.org/2001/XMLSchema-instance"
xsi:schemaLocation="http://www.loc.gov/MARC21/slim
http://www.loc.gov/standards/marcxml/schema/MARC21slim.xsd">
  <leader>     nam  2200397Ki 4500</leader>
  <controlfield tag="001">033388873</controlfield>
  <datafield tag="245" ind1="0" ind2="0">
    <subfield code="a">Cummings pediatric otolaryngology /</subfield>
    <subfield code="c">Marci M. Lesperance, Paul W. Flint.</subfield>
  </datafield>
</record>