

<record xmlns="http://www.loc.gov/MARC21/slim"
xmlns:xsi="http://www.w3.org/2001/XMLSchema-instance"
xsi:schemaLocation="http://www.loc.gov/MARC21/slim
http://www.loc.gov/standards/marcxml/schema/MARC21slim.xsd">
  <leader>     cam  2200481Mi 4500</leader>
  <controlfield tag="001">033323935</controlfield>
  <datafield tag="245" ind1="0" ind2="0">
    <subfield code="a">Harrison&apos;s principles of internal medicine /</subfield>
    <subfield code="c">editors, Dennis L. Kasper, Anthony S. Fauci, Stephen L. Hauser, Dan L. Longo, J. Larry Jameson, Joseph Loscalzo.</subfield>
  </datafield>
</record>