

<record xmlns="http://www.loc.gov/MARC21/slim"
xmlns:xsi="http://www.w3.org/2001/XMLSchema-instance"
xsi:schemaLocation="http://www.loc.gov/MARC21/slim
http://www.loc.gov/standards/marcxml/schema/MARC21slim.xsd">
  <leader>     nam  2200361Ki 4500</leader>
  <controlfield tag="001">033323845</controlfield>
  <datafield tag="245" ind1="0" ind2="0">
    <subfield code="a">Textbook of family medicine /</subfield>
    <subfield code="c">[edited by] Robert E. Rakel, David P. Rakel.</subfield>
  </datafield>
</record>