

<record xmlns="http://www.loc.gov/MARC21/slim"
xmlns:xsi="http://www.w3.org/2001/XMLSchema-instance"
xsi:schemaLocation="http://www.loc.gov/MARC21/slim
http://www.loc.gov/standards/marcxml/schema/MARC21slim.xsd">
  <leader>     nam  2200469Ki 4500</leader>
  <controlfield tag="001">033323839</controlfield>
  <datafield tag="245" ind1="0" ind2="0">
    <subfield code="a">Practical orthopedic pathology :</subfield>
    <subfield code="b">a diagnostic approach /</subfield>
    <subfield code="c">edited by Andrea T. Deyrup, Gene P. Siegal.</subfield>
  </datafield>
</record>