

<record xmlns="http://www.loc.gov/MARC21/slim"
xmlns:xsi="http://www.w3.org/2001/XMLSchema-instance"
xsi:schemaLocation="http://www.loc.gov/MARC21/slim
http://www.loc.gov/standards/marcxml/schema/MARC21slim.xsd">
  <leader>     cam  2200541Ii 4500</leader>
  <controlfield tag="001">033323748</controlfield>
  <datafield tag="245" ind1="0" ind2="0">
    <subfield code="a">Cosmeceuticals /</subfield>
    <subfield code="c">edited by Zoe Diana Draelos.</subfield>
  </datafield>
</record>