

<record xmlns="http://www.loc.gov/MARC21/slim"
xmlns:xsi="http://www.w3.org/2001/XMLSchema-instance"
xsi:schemaLocation="http://www.loc.gov/MARC21/slim
http://www.loc.gov/standards/marcxml/schema/MARC21slim.xsd">
  <leader>     cam  2200541Ii 4500</leader>
  <controlfield tag="001">033321267</controlfield>
  <datafield tag="245" ind1="0" ind2="0">
    <subfield code="a">Bone cancer :</subfield>
    <subfield code="b">primary bone cancers and bone metastases /</subfield>
    <subfield code="c">edited by Dominique Heymann.</subfield>
  </datafield>
  <datafield tag="500" ind1=" " ind2=" ">
    <subfield code="a">&quot;Elsevier science &amp; technology books.&quot;</subfield>
  </datafield>
</record>