

<record xmlns="http://www.loc.gov/MARC21/slim"
xmlns:xsi="http://www.w3.org/2001/XMLSchema-instance"
xsi:schemaLocation="http://www.loc.gov/MARC21/slim
http://www.loc.gov/standards/marcxml/schema/MARC21slim.xsd">
  <leader>     cam  2200565Ii 4500</leader>
  <controlfield tag="001">033320739</controlfield>
  <datafield tag="245" ind1="0" ind2="0">
    <subfield code="a">Fishman&apos;s pulmonary diseases and disorders /</subfield>
    <subfield code="c">Michael A. Grippi, editor-in-chief ; Jack A. Elias, Jay A. Fishman, Robert M. Kotloff, Allan I. Pack, Robert M. Senior, editors ; Mark D. Siegel, video editor.</subfield>
  </datafield>
  <datafield tag="500" ind1=" " ind2=" ">
    <subfield code="a">Preceded by Fishman&apos;s pulmonary diseases and disorders / editor-in-chief, Alfred P. Fishman ; co-editors, Jack A. Elias [and others]. 4th ed. c2008.</subfield>
  </datafield>
</record>