

<record xmlns="http://www.loc.gov/MARC21/slim"
xmlns:xsi="http://www.w3.org/2001/XMLSchema-instance"
xsi:schemaLocation="http://www.loc.gov/MARC21/slim
http://www.loc.gov/standards/marcxml/schema/MARC21slim.xsd">
  <leader>01411nam  2200397Ii 4500</leader>
  <controlfield tag="001">033270025</controlfield>
  <datafield tag="245" ind1="0" ind2="0">
    <subfield code="a">Surgery :</subfield>
    <subfield code="b">a case based clinical review /</subfield>
    <subfield code="c">Christian de Virgilio, editor ; Areg Gregorian, associate editor ; Paul N. Frank, assistant editor.</subfield>
  </datafield>
  <datafield tag="500" ind1=" " ind2=" ">
    <subfield code="a">Includes index.</subfield>
  </datafield>
</record>