

<record xmlns="http://www.loc.gov/MARC21/slim"
xmlns:xsi="http://www.w3.org/2001/XMLSchema-instance"
xsi:schemaLocation="http://www.loc.gov/MARC21/slim
http://www.loc.gov/standards/marcxml/schema/MARC21slim.xsd">
  <leader>     nam  2200481Ii 4500</leader>
  <controlfield tag="001">033254576</controlfield>
  <datafield tag="245" ind1="0" ind2="0">
    <subfield code="a">Users&apos; guides to the medical literature :</subfield>
    <subfield code="b">A manual for evidence-based clinical practice /</subfield>
    <subfield code="c">editors, Gordon Guyatt, Drummond Rennie, Maureen O. Meade, Deborah J. Cook.</subfield>
  </datafield>
  <datafield tag="500" ind1=" " ind2=" ">
    <subfield code="a">Preceded by: Users&apos; guides to the medical literature / the Evidence-Based Medicine Working Group ; editors, Gordon Guyatt [and others]. 2nd ed. 2008.</subfield>
  </datafield>
  <datafield tag="500" ind1=" " ind2=" ">
    <subfield code="a">&quot;JAMA &amp; Archives Journals.&quot;</subfield>
  </datafield>
</record>