

<record xmlns="http://www.loc.gov/MARC21/slim"
xmlns:xsi="http://www.w3.org/2001/XMLSchema-instance"
xsi:schemaLocation="http://www.loc.gov/MARC21/slim
http://www.loc.gov/standards/marcxml/schema/MARC21slim.xsd">
  <leader>     cam  2200637Ma 4500</leader>
  <controlfield tag="001">033254212</controlfield>
  <datafield tag="245" ind1="0" ind2="0">
    <subfield code="a">Drugs during pregnancy and lactation</subfield>
    <subfield code="h">[electronic resource] :</subfield>
    <subfield code="b">treatment options and risk assessment /</subfield>
    <subfield code="c">edited by Christof Schaefer, Paul Peters, and Richard K. Miller.</subfield>
  </datafield>
  <datafield tag="500" ind1=" " ind2=" ">
    <subfield code="a">Previous edition: Amsterdam; London: Elsevier, 2007.</subfield>
  </datafield>
</record>