

<record xmlns="http://www.loc.gov/MARC21/slim"
xmlns:xsi="http://www.w3.org/2001/XMLSchema-instance"
xsi:schemaLocation="http://www.loc.gov/MARC21/slim
http://www.loc.gov/standards/marcxml/schema/MARC21slim.xsd">
  <leader>     nam  2200385Ii 4500</leader>
  <controlfield tag="001">033250571</controlfield>
  <datafield tag="245" ind1="0" ind2="0">
    <subfield code="a">Understanding value-based healthcare /</subfield>
    <subfield code="c">editors, Christopher Moriates, Vineet Arora, Neel Shah.</subfield>
  </datafield>
</record>