

<record xmlns="http://www.loc.gov/MARC21/slim"
xmlns:xsi="http://www.w3.org/2001/XMLSchema-instance"
xsi:schemaLocation="http://www.loc.gov/MARC21/slim
http://www.loc.gov/standards/marcxml/schema/MARC21slim.xsd">
  <leader>     cam  2200457Mi 4500</leader>
  <controlfield tag="001">033248944</controlfield>
  <datafield tag="245" ind1="0" ind2="0">
    <subfield code="a">Harper&apos;s illustrated biochemistry /</subfield>
    <subfield code="c">Victor W. Rodwell, David A. Bender, Kathleen M. Botham, Peter J. Kennelly, P. Anthony Weil.</subfield>
  </datafield>
</record>