

<record xmlns="http://www.loc.gov/MARC21/slim"
xmlns:xsi="http://www.w3.org/2001/XMLSchema-instance"
xsi:schemaLocation="http://www.loc.gov/MARC21/slim
http://www.loc.gov/standards/marcxml/schema/MARC21slim.xsd">
  <leader>     cam  2200469Mi 4500</leader>
  <controlfield tag="001">033248935</controlfield>
  <datafield tag="245" ind1="0" ind2="0">
    <subfield code="a">Current diagnosis &amp; treatment in family medicine /</subfield>
    <subfield code="c">Jeannette E. South-Paul, Samuel C. Matheny, Evelyn L. Lewis.</subfield>
  </datafield>
  <datafield tag="500" ind1=" " ind2=" ">
    <subfield code="a">A Lange medical book.</subfield>
  </datafield>
</record>