

<record xmlns="http://www.loc.gov/MARC21/slim"
xmlns:xsi="http://www.w3.org/2001/XMLSchema-instance"
xsi:schemaLocation="http://www.loc.gov/MARC21/slim
http://www.loc.gov/standards/marcxml/schema/MARC21slim.xsd">
  <leader>06266cam  2200481Ki 4500</leader>
  <controlfield tag="001">033224614</controlfield>
  <datafield tag="245" ind1="0" ind2="0">
    <subfield code="a">Surgery of the skin :</subfield>
    <subfield code="b">procedural dermatology /</subfield>
    <subfield code="c">editors, June K. Robinson, C. William Hanke, Daniel Mark Siegel, Alina Fratila ; video editors Ashish C. Bhatia, Thomas E. Rohrer.</subfield>
  </datafield>
  <datafield tag="500" ind1=" " ind2=" ">
    <subfield code="a">Previous edition: 2010.</subfield>
  </datafield>
  <datafield tag="500" ind1=" " ind2=" ">
    <subfield code="a">&quot;View immersive videos, from an expanded library with more than 130 clips totaling over six hours of footage&quot;--Back cover.</subfield>
  </datafield>
</record>