

<record xmlns="http://www.loc.gov/MARC21/slim"
xmlns:xsi="http://www.w3.org/2001/XMLSchema-instance"
xsi:schemaLocation="http://www.loc.gov/MARC21/slim
http://www.loc.gov/standards/marcxml/schema/MARC21slim.xsd">
  <leader>     nam  2200349Ii 4500</leader>
  <controlfield tag="001">033175830</controlfield>
  <datafield tag="245" ind1="0" ind2="0">
    <subfield code="a">Basic &amp; Clinical Pharmacology /</subfield>
    <subfield code="c">edited by Bertram G. Katzung ; associate editor, Anthony J. Trevor.</subfield>
  </datafield>
</record>