

<record xmlns="http://www.loc.gov/MARC21/slim"
xmlns:xsi="http://www.w3.org/2001/XMLSchema-instance"
xsi:schemaLocation="http://www.loc.gov/MARC21/slim
http://www.loc.gov/standards/marcxml/schema/MARC21slim.xsd">
  <leader>     cam  2200481Ki 4500</leader>
  <controlfield tag="001">033170573</controlfield>
  <datafield tag="245" ind1="0" ind2="0">
    <subfield code="a">Orthopaedic rehabilitation of the athlete :</subfield>
    <subfield code="b">getting back in the game /</subfield>
    <subfield code="c">[edited by] Bruce Reider, George J. Davies, Matthew T. Provencher.</subfield>
  </datafield>
</record>