

<record xmlns="http://www.loc.gov/MARC21/slim"
xmlns:xsi="http://www.w3.org/2001/XMLSchema-instance"
xsi:schemaLocation="http://www.loc.gov/MARC21/slim
http://www.loc.gov/standards/marcxml/schema/MARC21slim.xsd">
  <leader>     nam  2200457Ia 4500</leader>
  <controlfield tag="001">033104198</controlfield>
  <datafield tag="245" ind1="0" ind2="4">
    <subfield code="a">The American Psychiatric Publishing textbook of substance abuse treatment</subfield>
    <subfield code="h">[electronic resource] /</subfield>
    <subfield code="c">edited by Marc Galanter, M.D., Herbert D. Kleber, M.D., Kathleen T. Brady, M.D., Ph.D.</subfield>
  </datafield>
</record>