

<record xmlns="http://www.loc.gov/MARC21/slim"
xmlns:xsi="http://www.w3.org/2001/XMLSchema-instance"
xsi:schemaLocation="http://www.loc.gov/MARC21/slim
http://www.loc.gov/standards/marcxml/schema/MARC21slim.xsd">
  <leader>07383cam  2200445Ii 4500</leader>
  <controlfield tag="001">033101723</controlfield>
  <datafield tag="245" ind1="0" ind2="0">
    <subfield code="a">Textbook of gastrointestinal radiology /</subfield>
    <subfield code="c">[edited by] Richard M. Gore, Marc S. Levine.</subfield>
  </datafield>
</record>