

<record xmlns="http://www.loc.gov/MARC21/slim"
xmlns:xsi="http://www.w3.org/2001/XMLSchema-instance"
xsi:schemaLocation="http://www.loc.gov/MARC21/slim
http://www.loc.gov/standards/marcxml/schema/MARC21slim.xsd">
  <leader>05119cam a2200541Ii 4500</leader>
  <controlfield tag="001">033098583</controlfield>
  <datafield tag="245" ind1="0" ind2="0">
    <subfield code="a">Skeletal trauma :</subfield>
    <subfield code="b">basic science, management, and reconstruction /</subfield>
    <subfield code="c">[edited by] Bruce D. Browner, Jesse B. Jupiter, Christian Krettek, Paul A. Anderson.</subfield>
  </datafield>
  <datafield tag="500" ind1=" " ind2=" ">
    <subfield code="a">Preceded by Skeletal trauma / [edited by] Bruce D. Browner ... [et al.]. 4th ed. 2009.</subfield>
  </datafield>
</record>