

<record xmlns="http://www.loc.gov/MARC21/slim"
xmlns:xsi="http://www.w3.org/2001/XMLSchema-instance"
xsi:schemaLocation="http://www.loc.gov/MARC21/slim
http://www.loc.gov/standards/marcxml/schema/MARC21slim.xsd">
  <leader>04648nam a2200409Ii 4500</leader>
  <controlfield tag="001">033098580</controlfield>
  <datafield tag="245" ind1="0" ind2="0">
    <subfield code="a">GI/liver secrets plus /</subfield>
    <subfield code="c">[edited by] Peter R. McNally.</subfield>
  </datafield>
</record>