

<record xmlns="http://www.loc.gov/MARC21/slim"
xmlns:xsi="http://www.w3.org/2001/XMLSchema-instance"
xsi:schemaLocation="http://www.loc.gov/MARC21/slim
http://www.loc.gov/standards/marcxml/schema/MARC21slim.xsd">
  <leader>04052cam a2200469Ii 4500</leader>
  <controlfield tag="001">033098579</controlfield>
  <datafield tag="245" ind1="0" ind2="0">
    <subfield code="a">Esthetic dentistry :</subfield>
    <subfield code="b">a clinical approach to techniques and materials /</subfield>
    <subfield code="c">[edited by] Kenneth W. Aschheim.</subfield>
  </datafield>
</record>