

<record xmlns="http://www.loc.gov/MARC21/slim"
xmlns:xsi="http://www.w3.org/2001/XMLSchema-instance"
xsi:schemaLocation="http://www.loc.gov/MARC21/slim
http://www.loc.gov/standards/marcxml/schema/MARC21slim.xsd">
  <leader>     cam  2200553Ii 4500</leader>
  <controlfield tag="001">033097983</controlfield>
  <datafield tag="245" ind1="0" ind2="0">
    <subfield code="a">Cummings otolaryngology--head &amp; neck surgery</subfield>
    <subfield code="h">[electronic resource] /</subfield>
    <subfield code="c">[edited by] Paul W. Flint, Bruce H. Haughey, Valerie Lund, John K. Niparko, K. Thomas Robbins, J. Regan Thomas, Marci M. Lesperance.</subfield>
  </datafield>
</record>