

<record xmlns="http://www.loc.gov/MARC21/slim"
xmlns:xsi="http://www.w3.org/2001/XMLSchema-instance"
xsi:schemaLocation="http://www.loc.gov/MARC21/slim
http://www.loc.gov/standards/marcxml/schema/MARC21slim.xsd">
  <leader>     cam  2200493Ii 4500</leader>
  <controlfield tag="001">033091737</controlfield>
  <datafield tag="245" ind1="0" ind2="0">
    <subfield code="a">Devita, Hellman, and Rosenberg&apos;s cancer :</subfield>
    <subfield code="b">principles &amp; practice of oncology /</subfield>
    <subfield code="c">editors, Vincent T. DeVita, Jr., Theodore S. Lawrence, Steven A. Rosenberg ; with 404 contributing authors.</subfield>
  </datafield>
</record>