

<record xmlns="http://www.loc.gov/MARC21/slim"
xmlns:xsi="http://www.w3.org/2001/XMLSchema-instance"
xsi:schemaLocation="http://www.loc.gov/MARC21/slim
http://www.loc.gov/standards/marcxml/schema/MARC21slim.xsd">
  <leader>01898cam  2200457Ki 4500</leader>
  <controlfield tag="001">033090681</controlfield>
  <datafield tag="245" ind1="0" ind2="0">
    <subfield code="a">Nathan and Oski&apos;s hematology and oncology of infancy and childhood /</subfield>
    <subfield code="c">[edited by] Stuart H. Orkin, David E. Fisher, A. Thomas Look, Samuel E. Lux, IV, David Ginsburg, David G. Nathan.</subfield>
  </datafield>
  <datafield tag="500" ind1=" " ind2=" ">
    <subfield code="a">Preceded by: Nathan and Oski&apos;s hematology of infancy and childhood / edited by Stuart H. Orkin ... [et al.]. 7th ed. c2009; and, Oncology of infancy and childhood / [edited by] Stuart H. Orkin ... [et al.]. 1st ed. c2009.</subfield>
  </datafield>
</record>