

<record xmlns="http://www.loc.gov/MARC21/slim"
xmlns:xsi="http://www.w3.org/2001/XMLSchema-instance"
xsi:schemaLocation="http://www.loc.gov/MARC21/slim
http://www.loc.gov/standards/marcxml/schema/MARC21slim.xsd">
  <leader>     cam  2200433Ma 4500</leader>
  <controlfield tag="001">033046595</controlfield>
  <datafield tag="245" ind1="0" ind2="0">
    <subfield code="a">Rockwood and Green&apos;s fractures in adults</subfield>
    <subfield code="h">[electronic resource] /</subfield>
    <subfield code="c">[edited by] Charles M. Court-Brown, James D. Heckman, Margaret M. McQueen, William Ricci, Paul Tornetta III; associate editor, Michael McKee.</subfield>
  </datafield>
</record>