

<record xmlns="http://www.loc.gov/MARC21/slim"
xmlns:xsi="http://www.w3.org/2001/XMLSchema-instance"
xsi:schemaLocation="http://www.loc.gov/MARC21/slim
http://www.loc.gov/standards/marcxml/schema/MARC21slim.xsd">
  <leader>     nam  2200313Ii 4500</leader>
  <controlfield tag="001">033042418</controlfield>
  <datafield tag="245" ind1="0" ind2="0">
    <subfield code="a">Harwood-Nuss&apos; clinical practice of emergency medicine /</subfield>
    <subfield code="c">editor-in-chief, Allan B. Wolfson.</subfield>
  </datafield>
</record>