

<record xmlns="http://www.loc.gov/MARC21/slim"
xmlns:xsi="http://www.w3.org/2001/XMLSchema-instance"
xsi:schemaLocation="http://www.loc.gov/MARC21/slim
http://www.loc.gov/standards/marcxml/schema/MARC21slim.xsd">
  <leader>     nam  2200253Mi 4500</leader>
  <controlfield tag="001">033041682</controlfield>
  <datafield tag="245" ind1="0" ind2="0">
    <subfield code="a">Rubin&apos;s pathology :</subfield>
    <subfield code="b">clinicopathologic foundations of medicine /</subfield>
    <subfield code="c">Ed. David S. Strayer ...</subfield>
  </datafield>
</record>