

<record xmlns="http://www.loc.gov/MARC21/slim"
xmlns:xsi="http://www.w3.org/2001/XMLSchema-instance"
xsi:schemaLocation="http://www.loc.gov/MARC21/slim
http://www.loc.gov/standards/marcxml/schema/MARC21slim.xsd">
  <leader>01220nam  2200361Ki 4500</leader>
  <controlfield tag="001">033003435</controlfield>
  <datafield tag="245" ind1="0" ind2="0">
    <subfield code="a">Twining&apos;s textbook of fetal abnormalities /</subfield>
    <subfield code="c">Anne Marie Coady, Sarah Bower.</subfield>
  </datafield>
</record>