

<record xmlns="http://www.loc.gov/MARC21/slim"
xmlns:xsi="http://www.w3.org/2001/XMLSchema-instance"
xsi:schemaLocation="http://www.loc.gov/MARC21/slim
http://www.loc.gov/standards/marcxml/schema/MARC21slim.xsd">
  <leader>02382nam  2200469Ki 4500</leader>
  <controlfield tag="001">033003431</controlfield>
  <datafield tag="245" ind1="0" ind2="0">
    <subfield code="a">Fanaroff and Martin&apos;s neonatal-perinatal medicine :</subfield>
    <subfield code="b">diseases of the fetus and infant /</subfield>
    <subfield code="c">[edited by] Richard J. Martin, Avroy A. Fanaroff, Michele C. Walsh.</subfield>
  </datafield>
</record>