

<record xmlns="http://www.loc.gov/MARC21/slim"
xmlns:xsi="http://www.w3.org/2001/XMLSchema-instance"
xsi:schemaLocation="http://www.loc.gov/MARC21/slim
http://www.loc.gov/standards/marcxml/schema/MARC21slim.xsd">
  <leader>     nam  2200457Ki 4500</leader>
  <controlfield tag="001">032954674</controlfield>
  <datafield tag="245" ind1="0" ind2="0">
    <subfield code="a">Comprehensive clinical nephrology /</subfield>
    <subfield code="c">[edited by] Richard J. Johnson, John Feehally, Jurgen Floege.</subfield>
  </datafield>
  <datafield tag="500" ind1=" " ind2=" ">
    <subfield code="a">Preceded by: Comprehensive clinical nephrology / [edited by] Jürgen Floege, Richard J. Johnson, John Feehally. 4th ed. c2010.</subfield>
  </datafield>
</record>