

<record xmlns="http://www.loc.gov/MARC21/slim"
xmlns:xsi="http://www.w3.org/2001/XMLSchema-instance"
xsi:schemaLocation="http://www.loc.gov/MARC21/slim
http://www.loc.gov/standards/marcxml/schema/MARC21slim.xsd">
  <leader>01669cam  2200433Ki 4500</leader>
  <controlfield tag="001">032936870</controlfield>
  <datafield tag="245" ind1="0" ind2="0">
    <subfield code="a">Mandell, Douglas, and Bennett&apos;s principles and practice of infectious diseases /</subfield>
    <subfield code="c">[edited by] John E. Bennett, Raphael Dolin, Martin J. Blaser.</subfield>
  </datafield>
</record>