

<record xmlns="http://www.loc.gov/MARC21/slim"
xmlns:xsi="http://www.w3.org/2001/XMLSchema-instance"
xsi:schemaLocation="http://www.loc.gov/MARC21/slim
http://www.loc.gov/standards/marcxml/schema/MARC21slim.xsd">
  <leader>     cam  22005418i 4500</leader>
  <controlfield tag="001">032830014</controlfield>
  <datafield tag="245" ind1="0" ind2="0">
    <subfield code="a">Textbook of adult emergency medicine /</subfield>
    <subfield code="c">edited by Peter Cameron, George Jelinek, Anne-Maree Kelly, Anthony FT Brown, Mark Little.</subfield>
  </datafield>
</record>