

<record xmlns="http://www.loc.gov/MARC21/slim"
xmlns:xsi="http://www.w3.org/2001/XMLSchema-instance"
xsi:schemaLocation="http://www.loc.gov/MARC21/slim
http://www.loc.gov/standards/marcxml/schema/MARC21slim.xsd">
  <leader>     nam  2200421Ii 4500</leader>
  <controlfield tag="001">032498289</controlfield>
  <datafield tag="245" ind1="0" ind2="4">
    <subfield code="a">The molecular basis of cancer /</subfield>
    <subfield code="c">[edited by] John Mendelsohn, Joe W. Gray, Peter M. Howley, Mark A. Israel, Craig B. Thompson.</subfield>
  </datafield>
</record>