

<record xmlns="http://www.loc.gov/MARC21/slim"
xmlns:xsi="http://www.w3.org/2001/XMLSchema-instance"
xsi:schemaLocation="http://www.loc.gov/MARC21/slim
http://www.loc.gov/standards/marcxml/schema/MARC21slim.xsd">
  <leader>     cam  2200469Ii 4500</leader>
  <controlfield tag="001">032829547</controlfield>
  <datafield tag="245" ind1="1" ind2="0">
    <subfield code="a">Faust&apos;s anesthesiology review /</subfield>
    <subfield code="c">edited by Michael J. Murray ; associate editors, Steven H. Rose, Denise J. Wedel, C. Thomas Wass, Barry A. Harrison, Jeff T. Mueller.</subfield>
  </datafield>
  <datafield tag="500" ind1=" " ind2=" ">
    <subfield code="a">Preceded by: Anesthesiology review / edited by Ronald J. Faust. 3rd ed. 2002.</subfield>
  </datafield>
</record>