

<record xmlns="http://www.loc.gov/MARC21/slim"
xmlns:xsi="http://www.w3.org/2001/XMLSchema-instance"
xsi:schemaLocation="http://www.loc.gov/MARC21/slim
http://www.loc.gov/standards/marcxml/schema/MARC21slim.xsd">
  <leader>     nam  2200577Ii 4500</leader>
  <controlfield tag="001">033656379</controlfield>
  <datafield tag="245" ind1="1" ind2="4">
    <subfield code="a">The health care handbook :</subfield>
    <subfield code="b">a clear and concise guide to the United States health care system /</subfield>
    <subfield code="c">Elisabeth Askin and Nathan Moore.</subfield>
  </datafield>
</record>