

<record xmlns="http://www.loc.gov/MARC21/slim"
xmlns:xsi="http://www.w3.org/2001/XMLSchema-instance"
xsi:schemaLocation="http://www.loc.gov/MARC21/slim
http://www.loc.gov/standards/marcxml/schema/MARC21slim.xsd">
  <leader>     cam  2200529Ii 4500</leader>
  <controlfield tag="001">032830012</controlfield>
  <datafield tag="245" ind1="1" ind2="0">
    <subfield code="a">Seidel&apos;s guide to physical examination /</subfield>
    <subfield code="c">Jane W. Ball, Joyce E. Dains, John A. Flynn, Barry S. Solomon, Rosalyn W. Stewart.</subfield>
  </datafield>
  <datafield tag="500" ind1=" " ind2=" ">
    <subfield code="a">Preceded by Mosby&apos;s guide to physical examination / Henry M. Seidel ... [et al.]. 7th ed. c2011.</subfield>
  </datafield>
</record>