

<record xmlns="http://www.loc.gov/MARC21/slim"
xmlns:xsi="http://www.w3.org/2001/XMLSchema-instance"
xsi:schemaLocation="http://www.loc.gov/MARC21/slim
http://www.loc.gov/standards/marcxml/schema/MARC21slim.xsd">
  <leader>     cam  2200421Ii 4500</leader>
  <controlfield tag="001">032215617</controlfield>
  <datafield tag="245" ind1="1" ind2="0">
    <subfield code="a">Gastrointestinal physiology</subfield>
    <subfield code="b">[electronic resource] /</subfield>
    <subfield code="c">Kim E. Barrett.</subfield>
  </datafield>
  <datafield tag="500" ind1=" " ind2=" ">
    <subfield code="a">Preceded by Gastrointestinal physiology / edited by Leonard R. Johnson. 7th ed. c2007.</subfield>
  </datafield>
</record>