

<record xmlns="http://www.loc.gov/MARC21/slim"
xmlns:xsi="http://www.w3.org/2001/XMLSchema-instance"
xsi:schemaLocation="http://www.loc.gov/MARC21/slim
http://www.loc.gov/standards/marcxml/schema/MARC21slim.xsd">
  <leader>02783cam  2200481Ii 4500</leader>
  <controlfield tag="001">028663027</controlfield>
  <datafield tag="245" ind1="1" ind2="0">
    <subfield code="a">Medical biochemistry /</subfield>
    <subfield code="c">John W. Baynes, Marek H. Dominiczak.</subfield>
  </datafield>
</record>