

<record xmlns="http://www.loc.gov/MARC21/slim"
xmlns:xsi="http://www.w3.org/2001/XMLSchema-instance"
xsi:schemaLocation="http://www.loc.gov/MARC21/slim
http://www.loc.gov/standards/marcxml/schema/MARC21slim.xsd">
  <leader>     cam  2200457Mi 4500</leader>
  <controlfield tag="001">033084590</controlfield>
  <datafield tag="245" ind1="1" ind2="0">
    <subfield code="a">Behavioral medicine :</subfield>
    <subfield code="b">a guide for clinical practice /</subfield>
    <subfield code="c">editors, Mitchell D. Feldman, John F. Christensen ; associate editor, Jason Satterfield.</subfield>
  </datafield>
</record>