

<record xmlns="http://www.loc.gov/MARC21/slim"
xmlns:xsi="http://www.w3.org/2001/XMLSchema-instance"
xsi:schemaLocation="http://www.loc.gov/MARC21/slim
http://www.loc.gov/standards/marcxml/schema/MARC21slim.xsd">
  <leader>02862cam  2200469Ki 4500</leader>
  <controlfield tag="001">032832210</controlfield>
  <datafield tag="245" ind1="1" ind2="0">
    <subfield code="a">Gynecologic ultrasound :</subfield>
    <subfield code="b">a problem-based approach /</subfield>
    <subfield code="c">Beryl R. Benacerraf, Steven R. Goldstein, Yvette S. Groszmann.</subfield>
  </datafield>
</record>