

<record xmlns="http://www.loc.gov/MARC21/slim"
xmlns:xsi="http://www.w3.org/2001/XMLSchema-instance"
xsi:schemaLocation="http://www.loc.gov/MARC21/slim
http://www.loc.gov/standards/marcxml/schema/MARC21slim.xsd">
  <leader>     nam  2200433Ii 4500</leader>
  <controlfield tag="001">033176180</controlfield>
  <datafield tag="245" ind1="1" ind2="0">
    <subfield code="a">Connective tissue massage :</subfield>
    <subfield code="b">Bindegewebsmassage according to Dicke /</subfield>
    <subfield code="c">Roland Schiffter, Professor of Neurology, Former Head Physician, Vivantes Augste-Viktoria Hospital and Vivantes-wenckeback Hospital, Berlin, Germany, Elke Harms, Former Practising Physical and Massage therapist, Oldenburg, Germany ; with the contributions of Nancy Tone Weinberer, Youngsville, NC, USA.</subfield>
  </datafield>
  <datafield tag="500" ind1=" " ind2=" ">
    <subfield code="a">&quot;This book is an authorized translation of the 15th German edition published and copyrighted 2009 by Georg Thieme Verlag, Stuttgart. Title of the German edition: Bindegewebsmassage : Neuronale Abläufe - Befund - Praxis.&quot;</subfield>
  </datafield>
</record>