

<record xmlns="http://www.loc.gov/MARC21/slim"
xmlns:xsi="http://www.w3.org/2001/XMLSchema-instance"
xsi:schemaLocation="http://www.loc.gov/MARC21/slim
http://www.loc.gov/standards/marcxml/schema/MARC21slim.xsd">
  <leader>     cam  2200481Li 4500</leader>
  <controlfield tag="001">033117717</controlfield>
  <datafield tag="245" ind1="1" ind2="0">
    <subfield code="a">Introductory textbook of psychiatry /</subfield>
    <subfield code="c">Donald W. Black, Nancy C. Andreasen.</subfield>
  </datafield>
</record>