

<record xmlns="http://www.loc.gov/MARC21/slim"
xmlns:xsi="http://www.w3.org/2001/XMLSchema-instance"
xsi:schemaLocation="http://www.loc.gov/MARC21/slim
http://www.loc.gov/standards/marcxml/schema/MARC21slim.xsd">
  <leader>02543cam  2200481Ia 4500</leader>
  <controlfield tag="001">033675465</controlfield>
  <datafield tag="245" ind1="1" ind2="0">
    <subfield code="a">Manual of coronary chronic total occlusion interventions</subfield>
    <subfield code="h">[electronic resource] :</subfield>
    <subfield code="b">a step-by-step approach /</subfield>
    <subfield code="c">Emmanouil S. Brilakis.</subfield>
  </datafield>
  <datafield tag="590" ind1=" " ind2=" ">
    <subfield code="a">Elsevier</subfield>
    <subfield code="b">ScienceDirect All Books</subfield>
  </datafield>
</record>