

<record xmlns="http://www.loc.gov/MARC21/slim"
xmlns:xsi="http://www.w3.org/2001/XMLSchema-instance"
xsi:schemaLocation="http://www.loc.gov/MARC21/slim
http://www.loc.gov/standards/marcxml/schema/MARC21slim.xsd">
  <leader>03337cam  2200649Ki 4500</leader>
  <controlfield tag="001">032527119</controlfield>
  <datafield tag="245" ind1="1" ind2="0">
    <subfield code="a">Cardiac electrophysiology :</subfield>
    <subfield code="b">from cell to bedside /</subfield>
    <subfield code="c">[edited by] Douglas P. Zipes, Jose Jalife.</subfield>
  </datafield>
</record>