

<record xmlns="http://www.loc.gov/MARC21/slim"
xmlns:xsi="http://www.w3.org/2001/XMLSchema-instance"
xsi:schemaLocation="http://www.loc.gov/MARC21/slim
http://www.loc.gov/standards/marcxml/schema/MARC21slim.xsd">
  <leader>     cam  2200649Ii 4500</leader>
  <controlfield tag="001">031828653</controlfield>
  <datafield tag="245" ind1="1" ind2="0">
    <subfield code="a">Roberts and Hedges&apos; clinical procedures in emergency medicine /</subfield>
    <subfield code="c">editor- in-chief, James R. Roberts ; senior editor, Catherine B. Custalow ; illustration editor, Todd W. Thomsen ; editor emeritus, Jerris R. Hedges.</subfield>
  </datafield>
  <datafield tag="500" ind1=" " ind2=" ">
    <subfield code="a">Preceded by Clinical procedures in emergency medicine / editors, James R. Roberts, Jerris R. Hedges ; associate editors, Catherine B. Custalow [and others]. 5th ed. c2010.</subfield>
  </datafield>
  <datafield tag="500" ind1=" " ind2=" ">
    <subfield code="a">Available in 2013.</subfield>
  </datafield>
  <datafield tag="500" ind1=" " ind2=" ">
    <subfield code="a">Preceded by Clinical procedures in emergency medicine / editors, James R. Roberts, Jerris R. Hedges ; associate editors, Catherine B. Custalow [and others]. 5th ed. c2010.</subfield>
  </datafield>
</record>