

<record xmlns="http://www.loc.gov/MARC21/slim"
xmlns:xsi="http://www.w3.org/2001/XMLSchema-instance"
xsi:schemaLocation="http://www.loc.gov/MARC21/slim
http://www.loc.gov/standards/marcxml/schema/MARC21slim.xsd">
  <leader>     cam  2200769Ii 4500</leader>
  <controlfield tag="001">032563794</controlfield>
  <datafield tag="245" ind1="1" ind2="4">
    <subfield code="a">The medical interview :</subfield>
    <subfield code="b">the three function approach /</subfield>
    <subfield code="c">Steven A. Cole, Julian Bird.</subfield>
  </datafield>
</record>