

<record xmlns="http://www.loc.gov/MARC21/slim"
xmlns:xsi="http://www.w3.org/2001/XMLSchema-instance"
xsi:schemaLocation="http://www.loc.gov/MARC21/slim
http://www.loc.gov/standards/marcxml/schema/MARC21slim.xsd">
  <leader>     cam  2200493Ki 4500</leader>
  <controlfield tag="001">033782626</controlfield>
  <datafield tag="245" ind1="1" ind2="0">
    <subfield code="a">Roadmap to diversity and educational excellence :</subfield>
    <subfield code="b">key legal and educational policy foundations for medical schools /</subfield>
    <subfield code="c">prepared for the AAMC by: Arthur L. Coleman, Katherine E. Lipper, Teresa E. Taylor, Scott R. Palmer, Education Counsel LLC</subfield>
  </datafield>
  <datafield tag="500" ind1=" " ind2=" ">
    <subfield code="a">&quot;Including Updates Based on the U.S. Supreme Court&apos;s 2013 Decision in Fisher v. University of Texas.&quot;</subfield>
  </datafield>
</record>