

<record xmlns="http://www.loc.gov/MARC21/slim"
xmlns:xsi="http://www.w3.org/2001/XMLSchema-instance"
xsi:schemaLocation="http://www.loc.gov/MARC21/slim
http://www.loc.gov/standards/marcxml/schema/MARC21slim.xsd">
  <leader>02912cam  2200397Ki 4500</leader>
  <controlfield tag="001">032832211</controlfield>
  <datafield tag="245" ind1="1" ind2="4">
    <subfield code="a">The Netter Collection of medical illustrations.</subfield>
    <subfield code="n">Volume 8,</subfield>
    <subfield code="p">Cardiovascular system /</subfield>
    <subfield code="c">C. Richard Conti.</subfield>
  </datafield>
</record>