

<record xmlns="http://www.loc.gov/MARC21/slim"
xmlns:xsi="http://www.w3.org/2001/XMLSchema-instance"
xsi:schemaLocation="http://www.loc.gov/MARC21/slim
http://www.loc.gov/standards/marcxml/schema/MARC21slim.xsd">
  <leader>     cam  22002533  4500</leader>
  <controlfield tag="001">033211755</controlfield>
  <datafield tag="245" ind1="0" ind2="0">
    <subfield code="a">Usmle pharmacology review flash cards.</subfield>
  </datafield>
</record>