

<record xmlns="http://www.loc.gov/MARC21/slim"
xmlns:xsi="http://www.w3.org/2001/XMLSchema-instance"
xsi:schemaLocation="http://www.loc.gov/MARC21/slim
http://www.loc.gov/standards/marcxml/schema/MARC21slim.xsd">
  <leader>     cam  2200469Ki 4500</leader>
  <controlfield tag="001">032829542</controlfield>
  <datafield tag="245" ind1="1" ind2="0">
    <subfield code="a">Current therapy in vascular and endovascular surgery /</subfield>
    <subfield code="c">[edited by] James C. Stanley, Frank J. Veith, Thomas W. Wakefield.</subfield>
  </datafield>
  <datafield tag="500" ind1=" " ind2=" ">
    <subfield code="a">Preceded by: Current therapy in vascular surgery / editors, Calvin B. Ernst, James C. Stanley. 4th ed. 2001.</subfield>
  </datafield>
</record>