

<record xmlns="http://www.loc.gov/MARC21/slim"
xmlns:xsi="http://www.w3.org/2001/XMLSchema-instance"
xsi:schemaLocation="http://www.loc.gov/MARC21/slim
http://www.loc.gov/standards/marcxml/schema/MARC21slim.xsd">
  <leader>02000cam  2200541Ii 4500</leader>
  <controlfield tag="001">032526994</controlfield>
  <datafield tag="245" ind1="1" ind2="0">
    <subfield code="a">Netter&apos;s surgical anatomy and approaches /</subfield>
    <subfield code="c">Conor P. Delaney ; illustrations by Frank H. Netter.</subfield>
  </datafield>
</record>