

<record xmlns="http://www.loc.gov/MARC21/slim"
xmlns:xsi="http://www.w3.org/2001/XMLSchema-instance"
xsi:schemaLocation="http://www.loc.gov/MARC21/slim
http://www.loc.gov/standards/marcxml/schema/MARC21slim.xsd">
  <leader>     nam a2200349 i 4500</leader>
  <controlfield tag="001">033493557</controlfield>
  <datafield tag="245" ind1="1" ind2="0">
    <subfield code="a">Desk reference to the diagnostic criteria from DSM-5 in Spanish (Guía de consulta de los criterios diagnósticos del DSM-5)</subfield>
    <subfield code="h">[electronic resource].</subfield>
  </datafield>
  <datafield tag="500" ind1=" " ind2=" ">
    <subfield code="a">Includes index.</subfield>
  </datafield>
</record>