

<record xmlns="http://www.loc.gov/MARC21/slim"
xmlns:xsi="http://www.w3.org/2001/XMLSchema-instance"
xsi:schemaLocation="http://www.loc.gov/MARC21/slim
http://www.loc.gov/standards/marcxml/schema/MARC21slim.xsd">
  <leader>     cam  2200433Ki 4500</leader>
  <controlfield tag="001">032509895</controlfield>
  <datafield tag="245" ind1="1" ind2="0">
    <subfield code="a">Gray&apos;s anatomy for students /</subfield>
    <subfield code="c">Richard L. Drake, Wayne Vogl, Adam W.M. Mitchell.</subfield>
  </datafield>
  <datafield tag="500" ind1=" " ind2=" ">
    <subfield code="a">Includes index.</subfield>
  </datafield>
  <datafield tag="500" ind1=" " ind2=" ">
    <subfield code="a">Includes index.</subfield>
  </datafield>
</record>