

<record xmlns="http://www.loc.gov/MARC21/slim"
xmlns:xsi="http://www.w3.org/2001/XMLSchema-instance"
xsi:schemaLocation="http://www.loc.gov/MARC21/slim
http://www.loc.gov/standards/marcxml/schema/MARC21slim.xsd">
  <leader>     cam  2200481 i 4500</leader>
  <controlfield tag="001">033088988</controlfield>
  <datafield tag="245" ind1="1" ind2="0">
    <subfield code="a">Clinical procedures in primary eye care /</subfield>
    <subfield code="c">David B. Elliott.</subfield>
  </datafield>
</record>