

<record xmlns="http://www.loc.gov/MARC21/slim"
xmlns:xsi="http://www.w3.org/2001/XMLSchema-instance"
xsi:schemaLocation="http://www.loc.gov/MARC21/slim
http://www.loc.gov/standards/marcxml/schema/MARC21slim.xsd">
  <leader>03532cam  2200553Ii 4500</leader>
  <controlfield tag="001">032527114</controlfield>
  <datafield tag="245" ind1="1" ind2="0">
    <subfield code="a">Feigin and Cherry&apos;s textbook of pediatric infectious diseases /</subfield>
    <subfield code="c">[edited by] James D. Cherry, Gail J. Harrison, Sheldon L. Kaplan, William J. Steinbach, Peter Hotez.</subfield>
  </datafield>
  <datafield tag="500" ind1=" " ind2=" ">
    <subfield code="a">Preceded by: Feigin &amp; Cherry&apos;s textbook of pediatric infectious diseases / [edited by] Ralph D. Feigin ... [et al.]. 6th ed. c2009.</subfield>
  </datafield>
</record>