

<record xmlns="http://www.loc.gov/MARC21/slim"
xmlns:xsi="http://www.w3.org/2001/XMLSchema-instance"
xsi:schemaLocation="http://www.loc.gov/MARC21/slim
http://www.loc.gov/standards/marcxml/schema/MARC21slim.xsd">
  <leader>     cam  2200481Ki 4500</leader>
  <controlfield tag="001">032589346</controlfield>
  <datafield tag="245" ind1="1" ind2="0">
    <subfield code="a">Ferri&apos;s practical guide :</subfield>
    <subfield code="b">fast facts for patient care /</subfield>
    <subfield code="c">Fred F. Ferri.</subfield>
  </datafield>
  <datafield tag="500" ind1=" " ind2=" ">
    <subfield code="a">Preceded by Practical guide to the care of the medical patient / Fred F. Ferri. 8th ed. c2011.</subfield>
  </datafield>
  <datafield tag="500" ind1=" " ind2=" ">
    <subfield code="a">Preceded by Practical guide to the care of the medical patient / Fred F. Ferri. 8th ed. c2011.</subfield>
  </datafield>
</record>