

<record xmlns="http://www.loc.gov/MARC21/slim"
xmlns:xsi="http://www.w3.org/2001/XMLSchema-instance"
xsi:schemaLocation="http://www.loc.gov/MARC21/slim
http://www.loc.gov/standards/marcxml/schema/MARC21slim.xsd">
  <leader>     cam  2200469Mi 4500</leader>
  <controlfield tag="001">033821626</controlfield>
  <datafield tag="245" ind1="1" ind2="0">
    <subfield code="a">Internal medicine correlations &amp; clinical scenarios (CCS) USMLE Step 3 /</subfield>
    <subfield code="c">Conrad Fischer.</subfield>
  </datafield>
  <datafield tag="500" ind1=" " ind2=" ">
    <subfield code="a">For the USMLE step 3 progressive cases with Q&amp;A and pearls; Basic science correlations; CCS navigation tips.&quot;-- Cover.</subfield>
  </datafield>
  <datafield tag="500" ind1=" " ind2=" ">
    <subfield code="a">New from Conrad Fischer.&quot;-- Cover.</subfield>
  </datafield>
  <datafield tag="500" ind1=" " ind2=" ">
    <subfield code="a">Also available in print edition.</subfield>
  </datafield>
</record>