

<record xmlns="http://www.loc.gov/MARC21/slim"
xmlns:xsi="http://www.w3.org/2001/XMLSchema-instance"
xsi:schemaLocation="http://www.loc.gov/MARC21/slim
http://www.loc.gov/standards/marcxml/schema/MARC21slim.xsd">
  <leader>     nam  22006011i 4500</leader>
  <controlfield tag="001">034046368</controlfield>
  <datafield tag="245" ind1="1" ind2="0">
    <subfield code="a">Health sciences literature review made easy :</subfield>
    <subfield code="b">the matrix method /</subfield>
    <subfield code="c">Judith Garrard, PHD, Professor, Health Policy and Management, School of Public Health, University of Minnesota, Minneapolis, Minnesota.</subfield>
  </datafield>
</record>