

<record xmlns="http://www.loc.gov/MARC21/slim"
xmlns:xsi="http://www.w3.org/2001/XMLSchema-instance"
xsi:schemaLocation="http://www.loc.gov/MARC21/slim
http://www.loc.gov/standards/marcxml/schema/MARC21slim.xsd">
  <leader>     cam  2200493Ia 4500</leader>
  <controlfield tag="001">032526253</controlfield>
  <datafield tag="245" ind1="1" ind2="0">
    <subfield code="a">Color atlas and text of histology</subfield>
    <subfield code="h">[electronic resource] /</subfield>
    <subfield code="c">Leslie P. Gartner, James Hiatt.</subfield>
  </datafield>
  <datafield tag="500" ind1=" " ind2=" ">
    <subfield code="a">Includes index.</subfield>
  </datafield>
  <datafield tag="500" ind1=" " ind2=" ">
    <subfield code="a">Rev. ed. of: Color atlas of histology / Leslie P. Gartner, James L. Hiatt. 5th ed. c2009.</subfield>
  </datafield>
</record>