

<record xmlns="http://www.loc.gov/MARC21/slim"
xmlns:xsi="http://www.w3.org/2001/XMLSchema-instance"
xsi:schemaLocation="http://www.loc.gov/MARC21/slim
http://www.loc.gov/standards/marcxml/schema/MARC21slim.xsd">
  <leader>02541cam  2200673Ki 4500</leader>
  <controlfield tag="001">032527107</controlfield>
  <datafield tag="245" ind1="1" ind2="0">
    <subfield code="a">Enzinger and Weiss&apos;s soft tissue tumors /</subfield>
    <subfield code="c">John R. Goldblum, Andrew L. Folpe, Sharon W. Weiss.</subfield>
  </datafield>
  <datafield tag="500" ind1=" " ind2=" ">
    <subfield code="a">Sharon W. Weiss&apos;s name appears first on prev. ed.</subfield>
  </datafield>
</record>