

<record xmlns="http://www.loc.gov/MARC21/slim"
xmlns:xsi="http://www.w3.org/2001/XMLSchema-instance"
xsi:schemaLocation="http://www.loc.gov/MARC21/slim
http://www.loc.gov/standards/marcxml/schema/MARC21slim.xsd">
  <leader>01799nam  2200385Ki 4500</leader>
  <controlfield tag="001">033003432</controlfield>
  <datafield tag="245" ind1="1" ind2="0">
    <subfield code="a">Felson&apos;s principles of chest roentgenology :</subfield>
    <subfield code="b">a programmed text /</subfield>
    <subfield code="c">Lawrence R. Goodman.</subfield>
  </datafield>
  <datafield tag="500" ind1=" " ind2=" ">
    <subfield code="a">Includes index.</subfield>
  </datafield>
</record>