

<record xmlns="http://www.loc.gov/MARC21/slim"
xmlns:xsi="http://www.w3.org/2001/XMLSchema-instance"
xsi:schemaLocation="http://www.loc.gov/MARC21/slim
http://www.loc.gov/standards/marcxml/schema/MARC21slim.xsd">
  <leader>     cam  2200949 i 4500</leader>
  <controlfield tag="001">033215205</controlfield>
  <datafield tag="245" ind1="1" ind2="0">
    <subfield code="a">How to read a paper :</subfield>
    <subfield code="b">the basics of evidence-based medicine /</subfield>
    <subfield code="c">Trisha Greenhalgh.</subfield>
  </datafield>
</record>