

<record xmlns="http://www.loc.gov/MARC21/slim"
xmlns:xsi="http://www.w3.org/2001/XMLSchema-instance"
xsi:schemaLocation="http://www.loc.gov/MARC21/slim
http://www.loc.gov/standards/marcxml/schema/MARC21slim.xsd">
  <leader>     cam  2200493Ki 4500</leader>
  <controlfield tag="001">021792037</controlfield>
  <datafield tag="245" ind1="1" ind2="4">
    <subfield code="a">The Massachusetts eye and ear infirmary illustrated manual of ophthalmology /</subfield>
    <subfield code="c">by Peter K. Kaiser, Neil J. Friedman, Roberto Pineda II.</subfield>
  </datafield>
  <datafield tag="500" ind1=" " ind2=" ">
    <subfield code="a">Previous edition: 2009.</subfield>
  </datafield>
  <datafield tag="500" ind1=" " ind2=" ">
    <subfield code="a">Previous ed.: / Peter K. Kaiser, Neil J. Friedman ; associate author, Roberto Pineda II.</subfield>
    <subfield code="5">FMFIU</subfield>
  </datafield>
</record>