

<record xmlns="http://www.loc.gov/MARC21/slim"
xmlns:xsi="http://www.w3.org/2001/XMLSchema-instance"
xsi:schemaLocation="http://www.loc.gov/MARC21/slim
http://www.loc.gov/standards/marcxml/schema/MARC21slim.xsd">
  <leader>01897cam  2200565Ma 4500</leader>
  <controlfield tag="001">032955381</controlfield>
  <datafield tag="245" ind1="1" ind2="0">
    <subfield code="a">Biochemistry of Signal Transduction and Regulation</subfield>
    <subfield code="h">[electronic resource].</subfield>
  </datafield>
</record>