

<record xmlns="http://www.loc.gov/MARC21/slim"
xmlns:xsi="http://www.w3.org/2001/XMLSchema-instance"
xsi:schemaLocation="http://www.loc.gov/MARC21/slim
http://www.loc.gov/standards/marcxml/schema/MARC21slim.xsd">
  <leader>02930cam  2200481Ki 4500</leader>
  <controlfield tag="001">032527131</controlfield>
  <datafield tag="245" ind1="1" ind2="0">
    <subfield code="a">Interventional procedures for adult structural heart disease /</subfield>
    <subfield code="c">John M. Lasala, Jason H. Rogers.</subfield>
  </datafield>
</record>