

<record xmlns="http://www.loc.gov/MARC21/slim"
xmlns:xsi="http://www.w3.org/2001/XMLSchema-instance"
xsi:schemaLocation="http://www.loc.gov/MARC21/slim
http://www.loc.gov/standards/marcxml/schema/MARC21slim.xsd">
  <leader>     nam  2200589Ii 4500</leader>
  <controlfield tag="001">033211673</controlfield>
  <datafield tag="245" ind1="1" ind2="0">
    <subfield code="a">First aid for the USMLE step 1 2014 :</subfield>
    <subfield code="b">a student-to-student guide /</subfield>
    <subfield code="c">Tao Le, MD,MHS, Vikas Bhushan, MD, Matthew Sochat, MD, Max Petersen, Goran Micevic, Kimberly Kallianos, MD.</subfield>
  </datafield>
  <datafield tag="500" ind1=" " ind2=" ">
    <subfield code="a">Includes index.</subfield>
  </datafield>
</record>