

<record xmlns="http://www.loc.gov/MARC21/slim"
xmlns:xsi="http://www.w3.org/2001/XMLSchema-instance"
xsi:schemaLocation="http://www.loc.gov/MARC21/slim
http://www.loc.gov/standards/marcxml/schema/MARC21slim.xsd">
  <leader>     cam  2200529Ii 4500</leader>
  <controlfield tag="001">033031598</controlfield>
  <datafield tag="245" ind1="1" ind2="0">
    <subfield code="a">Understanding medical professionalism /</subfield>
    <subfield code="c">Wendy Levinson, Shiphra Ginsburg, Frederic W. Hafferty, Catherine R. Lucey.</subfield>
  </datafield>
</record>