

<record xmlns="http://www.loc.gov/MARC21/slim"
xmlns:xsi="http://www.w3.org/2001/XMLSchema-instance"
xsi:schemaLocation="http://www.loc.gov/MARC21/slim
http://www.loc.gov/standards/marcxml/schema/MARC21slim.xsd">
  <leader>     nam  2200601Ki 4500</leader>
  <controlfield tag="001">034335173</controlfield>
  <datafield tag="245" ind1="1" ind2="0">
    <subfield code="a">Orthopedic physical assessment /</subfield>
    <subfield code="c">David J. Magee, PhD, BPT, C.M.</subfield>
  </datafield>
</record>