

<record xmlns="http://www.loc.gov/MARC21/slim"
xmlns:xsi="http://www.w3.org/2001/XMLSchema-instance"
xsi:schemaLocation="http://www.loc.gov/MARC21/slim
http://www.loc.gov/standards/marcxml/schema/MARC21slim.xsd">
  <leader>     nam  2200553Ki 4500</leader>
  <controlfield tag="001">033323841</controlfield>
  <datafield tag="245" ind1="1" ind2="0">
    <subfield code="a">Primer to the immune response /</subfield>
    <subfield code="c">Tak W. Mak, Mary E. Saunders, Bradley D. Jett.</subfield>
  </datafield>
  <datafield tag="500" ind1=" " ind2=" ">
    <subfield code="a">Previous edition: 2008.</subfield>
  </datafield>
</record>