

<record xmlns="http://www.loc.gov/MARC21/slim"
xmlns:xsi="http://www.w3.org/2001/XMLSchema-instance"
xsi:schemaLocation="http://www.loc.gov/MARC21/slim
http://www.loc.gov/standards/marcxml/schema/MARC21slim.xsd">
  <leader>     cam  2200601 i 4500</leader>
  <controlfield tag="001">033192103</controlfield>
  <datafield tag="245" ind1="1" ind2="0">
    <subfield code="a">Marino&apos;s the ICU book /</subfield>
    <subfield code="c">Paul L. Marino.</subfield>
  </datafield>
  <datafield tag="500" ind1=" " ind2=" ">
    <subfield code="a">Preceded by: The ICU book / Paul L. Marino ; with contributions from Kenneth M. Sutin ; illustrations by Patricia Gast. 3rd edition. 2007.</subfield>
  </datafield>
</record>