

<record xmlns="http://www.loc.gov/MARC21/slim"
xmlns:xsi="http://www.w3.org/2001/XMLSchema-instance"
xsi:schemaLocation="http://www.loc.gov/MARC21/slim
http://www.loc.gov/standards/marcxml/schema/MARC21slim.xsd">
  <leader>03168cam  2200469Mu 4500</leader>
  <controlfield tag="001">033171623</controlfield>
  <datafield tag="245" ind1="1" ind2="0">
    <subfield code="a">Helping Students with Autism Spectrum Disorder Express their Thoughts and Knowledge in Writing</subfield>
    <subfield code="h">[electronic resource] :</subfield>
    <subfield code="b">Tips and Exercises for Developing Writing Skills.</subfield>
  </datafield>
  <datafield tag="500" ind1=" " ind2=" ">
    <subfield code="a">Description based upon print version of record.</subfield>
  </datafield>
</record>