

<record xmlns="http://www.loc.gov/MARC21/slim"
xmlns:xsi="http://www.w3.org/2001/XMLSchema-instance"
xsi:schemaLocation="http://www.loc.gov/MARC21/slim
http://www.loc.gov/standards/marcxml/schema/MARC21slim.xsd">
  <leader>     cam  2200589Ii 4500</leader>
  <controlfield tag="001">032950123</controlfield>
  <datafield tag="245" ind1="1" ind2="0">
    <subfield code="a">Cardiovascular physiology /</subfield>
    <subfield code="c">David E. Mohrman, PhD, Associate Professor Emeritus, Department of Biomedical Sciences, University of Minnesota Medical School, Duluth, Minnesota, Lois Jane Heller, PhD, Professor Emeritus, Department of Biomedical Sciences, University of Minnesota Medical School, Duluth, Minnesota.</subfield>
  </datafield>
  <datafield tag="500" ind1=" " ind2=" ">
    <subfield code="a">&quot;A Lange medical book.&quot;</subfield>
  </datafield>
  <datafield tag="500" ind1=" " ind2=" ">
    <subfield code="a">Includes index.</subfield>
  </datafield>
</record>