

<record xmlns="http://www.loc.gov/MARC21/slim"
xmlns:xsi="http://www.w3.org/2001/XMLSchema-instance"
xsi:schemaLocation="http://www.loc.gov/MARC21/slim
http://www.loc.gov/standards/marcxml/schema/MARC21slim.xsd">
  <leader>     nam a2200661Ii 4500</leader>
  <controlfield tag="001">034610710</controlfield>
  <datafield tag="245" ind1="1" ind2="0">
    <subfield code="a">Pocket atlas of sectional anatomy :</subfield>
    <subfield code="b">computed tomography and magnetic resonance imaging /</subfield>
    <subfield code="c">Torsten B. Moeller, Emil Reif.</subfield>
  </datafield>
  <datafield tag="500" ind1=" " ind2=" ">
    <subfield code="a">This book is an authorized translation of the 3rd German edition published in 2011 by Georg Thieme Verlag, Stuttgart.</subfield>
  </datafield>
</record>