

<record xmlns="http://www.loc.gov/MARC21/slim"
xmlns:xsi="http://www.w3.org/2001/XMLSchema-instance"
xsi:schemaLocation="http://www.loc.gov/MARC21/slim
http://www.loc.gov/standards/marcxml/schema/MARC21slim.xsd">
  <leader>     cam  2200517I  4500</leader>
  <controlfield tag="001">032575504</controlfield>
  <datafield tag="245" ind1="1" ind2="0">
    <subfield code="a">Pocket atlas of sectional anatomy</subfield>
    <subfield code="h">[electronic resource] :</subfield>
    <subfield code="b">computed tomography and magnetic resonance imaging. Volume II, Thorax, heart, abdomen, and pelvis /</subfield>
    <subfield code="c">Torsten B. Moeller, Emil Reif.</subfield>
  </datafield>
</record>