

<record xmlns="http://www.loc.gov/MARC21/slim"
xmlns:xsi="http://www.w3.org/2001/XMLSchema-instance"
xsi:schemaLocation="http://www.loc.gov/MARC21/slim
http://www.loc.gov/standards/marcxml/schema/MARC21slim.xsd">
  <leader>     cam  22003738a 4500</leader>
  <controlfield tag="001">031024947</controlfield>
  <datafield tag="245" ind1="1" ind2="0">
    <subfield code="a">Clinically oriented anatomy /</subfield>
    <subfield code="c">Keith L. Moore, Arthur F. Dalley, Anne M.R. Agur.</subfield>
  </datafield>
</record>