

<record xmlns="http://www.loc.gov/MARC21/slim"
xmlns:xsi="http://www.w3.org/2001/XMLSchema-instance"
xsi:schemaLocation="http://www.loc.gov/MARC21/slim
http://www.loc.gov/standards/marcxml/schema/MARC21slim.xsd">
  <leader>     cam  2200757Ma 4500</leader>
  <controlfield tag="001">033215236</controlfield>
  <datafield tag="245" ind1="1" ind2="0">
    <subfield code="a">DSM-5® Made Easy</subfield>
    <subfield code="h">[electronic resource] :</subfield>
    <subfield code="b">the Clinician&apos;s Guide to Diagnosis.</subfield>
  </datafield>
</record>