

<record xmlns="http://www.loc.gov/MARC21/slim"
xmlns:xsi="http://www.w3.org/2001/XMLSchema-instance"
xsi:schemaLocation="http://www.loc.gov/MARC21/slim
http://www.loc.gov/standards/marcxml/schema/MARC21slim.xsd">
  <leader>     nam  2200445Ii 4500</leader>
  <controlfield tag="001">032215235</controlfield>
  <datafield tag="245" ind1="1" ind2="0">
    <subfield code="a">Understanding teamwork in health care /</subfield>
    <subfield code="c">Gordon Mosser, James W. Begun.</subfield>
  </datafield>
</record>