

<record xmlns="http://www.loc.gov/MARC21/slim"
xmlns:xsi="http://www.w3.org/2001/XMLSchema-instance"
xsi:schemaLocation="http://www.loc.gov/MARC21/slim
http://www.loc.gov/standards/marcxml/schema/MARC21slim.xsd">
  <leader>     cam  2200757Ii 4500</leader>
  <controlfield tag="001">033782896</controlfield>
  <datafield tag="245" ind1="1" ind2="4">
    <subfield code="a">The residency coordinator&apos;s handbook /</subfield>
    <subfield code="c">Ruth H. Nawotniak, MS, C-TAGME.</subfield>
  </datafield>
</record>