

<record xmlns="http://www.loc.gov/MARC21/slim"
xmlns:xsi="http://www.w3.org/2001/XMLSchema-instance"
xsi:schemaLocation="http://www.loc.gov/MARC21/slim
http://www.loc.gov/standards/marcxml/schema/MARC21slim.xsd">
  <leader>     nam  2200409Ki 4500</leader>
  <controlfield tag="001">032954683</controlfield>
  <datafield tag="245" ind1="1" ind2="2">
    <subfield code="a">A manual of orthopaedic terminology /</subfield>
    <subfield code="c">Fred R.T. Nelson, Carolyn Taliaferro Blauvelt.</subfield>
  </datafield>
  <datafield tag="500" ind1=" " ind2=" ">
    <subfield code="a">Includes index.</subfield>
  </datafield>
</record>