

<record xmlns="http://www.loc.gov/MARC21/slim"
xmlns:xsi="http://www.w3.org/2001/XMLSchema-instance"
xsi:schemaLocation="http://www.loc.gov/MARC21/slim
http://www.loc.gov/standards/marcxml/schema/MARC21slim.xsd">
  <leader>     cam  2200361Ki 4500</leader>
  <controlfield tag="001">032919093</controlfield>
  <datafield tag="245" ind1="1" ind2="0">
    <subfield code="a">Carranza&apos;s clinical periodontology /</subfield>
    <subfield code="c">Michael G. Newman, Henry Takei, Perry R. Klokkevold.</subfield>
  </datafield>
</record>