

<record xmlns="http://www.loc.gov/MARC21/slim"
xmlns:xsi="http://www.w3.org/2001/XMLSchema-instance"
xsi:schemaLocation="http://www.loc.gov/MARC21/slim
http://www.loc.gov/standards/marcxml/schema/MARC21slim.xsd">
  <leader>02315cam  2200433Ki 4500</leader>
  <controlfield tag="001">032527138</controlfield>
  <datafield tag="245" ind1="1" ind2="0">
    <subfield code="a">USMLE step 2 secrets /</subfield>
    <subfield code="c">Theodore X. O&apos;Connell.</subfield>
  </datafield>
  <datafield tag="500" ind1=" " ind2=" ">
    <subfield code="a">Previous edition: St. Louis, Mo.; London: Mosby, 2010.</subfield>
  </datafield>
</record>