

<record xmlns="http://www.loc.gov/MARC21/slim"
xmlns:xsi="http://www.w3.org/2001/XMLSchema-instance"
xsi:schemaLocation="http://www.loc.gov/MARC21/slim
http://www.loc.gov/standards/marcxml/schema/MARC21slim.xsd">
  <leader>03064cam  2200649Ii 4500</leader>
  <controlfield tag="001">032527122</controlfield>
  <datafield tag="245" ind1="1" ind2="0">
    <subfield code="a">Atlas of pain injection techniques /</subfield>
    <subfield code="c">Therese O&apos;Connor and Steven E. Abram.</subfield>
  </datafield>
</record>