

<record xmlns="http://www.loc.gov/MARC21/slim"
xmlns:xsi="http://www.w3.org/2001/XMLSchema-instance"
xsi:schemaLocation="http://www.loc.gov/MARC21/slim
http://www.loc.gov/standards/marcxml/schema/MARC21slim.xsd">
  <leader>     cam  2200565Ii 4500</leader>
  <controlfield tag="001">032829210</controlfield>
  <datafield tag="245" ind1="1" ind2="0">
    <subfield code="a">DeLee, Drez and Miller&apos;s orthopaedic sports medicine :</subfield>
    <subfield code="b">principles and practice /</subfield>
    <subfield code="c">edited by Mark D. Miller, Stephen R. Thompson.</subfield>
  </datafield>
  <datafield tag="500" ind1=" " ind2=" ">
    <subfield code="a">Previous edition: Philadelphia: Saunders Elsevier, 2009.</subfield>
  </datafield>
</record>