

<record xmlns="http://www.loc.gov/MARC21/slim"
xmlns:xsi="http://www.w3.org/2001/XMLSchema-instance"
xsi:schemaLocation="http://www.loc.gov/MARC21/slim
http://www.loc.gov/standards/marcxml/schema/MARC21slim.xsd">
  <leader>     cam  2200373Ki 4500</leader>
  <controlfield tag="001">022706450</controlfield>
  <datafield tag="245" ind1="1" ind2="0">
    <subfield code="a">Park&apos;s pediatric cardiology for practitioners /</subfield>
    <subfield code="c">Myung K. Park.</subfield>
  </datafield>
  <datafield tag="500" ind1=" " ind2=" ">
    <subfield code="a">Title from MDC&apos;s title page (viewed Jan.7, 2009).</subfield>
  </datafield>
</record>