

<record xmlns="http://www.loc.gov/MARC21/slim"
xmlns:xsi="http://www.w3.org/2001/XMLSchema-instance"
xsi:schemaLocation="http://www.loc.gov/MARC21/slim
http://www.loc.gov/standards/marcxml/schema/MARC21slim.xsd">
  <leader>     cam  2200373Ki 4500</leader>
  <controlfield tag="001">032954690</controlfield>
  <datafield tag="245" ind1="1" ind2="0">
    <subfield code="a">Pathology of infectious diseases /</subfield>
    <subfield code="c">Gary W. Procop.</subfield>
  </datafield>
</record>