

<record xmlns="http://www.loc.gov/MARC21/slim"
xmlns:xsi="http://www.w3.org/2001/XMLSchema-instance"
xsi:schemaLocation="http://www.loc.gov/MARC21/slim
http://www.loc.gov/standards/marcxml/schema/MARC21slim.xsd">
  <leader>04519cam  2200589 i 4500</leader>
  <controlfield tag="001">032969953</controlfield>
  <datafield tag="245" ind1="1" ind2="0">
    <subfield code="a">Essential surgery :</subfield>
    <subfield code="b">problems, diagnosis, and management /</subfield>
    <subfield code="c">Clive R.G. Quick, Joanna B. Reed, Simon J.F. Harper, Kourosh Saeb-Parsy ; illustrated by Philip J. Deakin ; foreword by Andrew T. Raftery.</subfield>
  </datafield>
  <datafield tag="500" ind1=" " ind2=" ">
    <subfield code="a">Preceded by Essential surgery / H. George Burkitt, Clive R.G. Quick, Joanna B. Reed. 4th ed. 2007.</subfield>
  </datafield>
</record>