

<record xmlns="http://www.loc.gov/MARC21/slim"
xmlns:xsi="http://www.w3.org/2001/XMLSchema-instance"
xsi:schemaLocation="http://www.loc.gov/MARC21/slim
http://www.loc.gov/standards/marcxml/schema/MARC21slim.xsd">
  <leader>05089cam  22005058i 4500</leader>
  <controlfield tag="001">032969952</controlfield>
  <datafield tag="245" ind1="1" ind2="0">
    <subfield code="a">Churchill&apos;s pocketbook of differential diagnosis /</subfield>
    <subfield code="c">Andrew T. Raftery, Eric Lim, Andrew J.K. Östör.</subfield>
  </datafield>
</record>