

<record xmlns="http://www.loc.gov/MARC21/slim"
xmlns:xsi="http://www.w3.org/2001/XMLSchema-instance"
xsi:schemaLocation="http://www.loc.gov/MARC21/slim
http://www.loc.gov/standards/marcxml/schema/MARC21slim.xsd">
  <leader>02899cam  2200589Ia 4500</leader>
  <controlfield tag="001">032527115</controlfield>
  <datafield tag="245" ind1="1" ind2="0">
    <subfield code="a">Cardiac imaging</subfield>
    <subfield code="h">[electronic resource] :</subfield>
    <subfield code="b">case review /</subfield>
    <subfield code="c">Gautham P. Reddy, Robert M. Steiner, Christopher M. Walker.</subfield>
  </datafield>
</record>