

<record xmlns="http://www.loc.gov/MARC21/slim"
xmlns:xsi="http://www.w3.org/2001/XMLSchema-instance"
xsi:schemaLocation="http://www.loc.gov/MARC21/slim
http://www.loc.gov/standards/marcxml/schema/MARC21slim.xsd">
  <leader>     nam  2200373Ii 4500</leader>
  <controlfield tag="001">032527268</controlfield>
  <datafield tag="245" ind1="1" ind2="0">
    <subfield code="a">Renal pathophysiology :</subfield>
    <subfield code="b">the essentials /</subfield>
    <subfield code="c">Helmut G. Rennke, M.D., professor of pathology, Harvard Medical School and Harvard-MIT Division of Health Sciences and Technology, Department of Pathology, Brigham &amp; Women&apos;s Hospital, Boston, Massachusetts, Bradley M. Denker, M.D., associate professor of medicine, Harvard Medical School, Renal Division, Department of Medicine, Beth Israel Deaconess Medical Center, chief of nephrology, Harvard-Vanguard Medical Associates, Boston, Massachusetts.</subfield>
  </datafield>
</record>