

<record xmlns="http://www.loc.gov/MARC21/slim"
xmlns:xsi="http://www.w3.org/2001/XMLSchema-instance"
xsi:schemaLocation="http://www.loc.gov/MARC21/slim
http://www.loc.gov/standards/marcxml/schema/MARC21slim.xsd">
  <leader>     nam  2200469Ii 4500</leader>
  <controlfield tag="001">033175987</controlfield>
  <datafield tag="245" ind1="1" ind2="0">
    <subfield code="a">Color atlas of neurology /</subfield>
    <subfield code="c">Reinhard Rohkamm.</subfield>
  </datafield>
  <datafield tag="500" ind1=" " ind2=" ">
    <subfield code="a">&quot;This book is an authorized translation of the 3rd German edition published and copyrighted 2009 by Georg Thieme Verlag, Stuttgart. Title of the German edition: Taschenatlas Neurologie&quot;--Title page verso.</subfield>
  </datafield>
</record>