

<record xmlns="http://www.loc.gov/MARC21/slim"
xmlns:xsi="http://www.w3.org/2001/XMLSchema-instance"
xsi:schemaLocation="http://www.loc.gov/MARC21/slim
http://www.loc.gov/standards/marcxml/schema/MARC21slim.xsd">
  <leader>     nam  2200421Ki 4500</leader>
  <controlfield tag="001">032385756</controlfield>
  <datafield tag="245" ind1="1" ind2="0">
    <subfield code="a">Adams and Victor&apos;s principles of neurology</subfield>
    <subfield code="h">[electronic resource] /</subfield>
    <subfield code="c">Allan H. Ropper, Martin A. Samuels.</subfield>
  </datafield>
  <datafield tag="500" ind1=" " ind2=" ">
    <subfield code="a">Title from title screen (viewed January 20, 2014).</subfield>
  </datafield>
</record>