

<record xmlns="http://www.loc.gov/MARC21/slim"
xmlns:xsi="http://www.w3.org/2001/XMLSchema-instance"
xsi:schemaLocation="http://www.loc.gov/MARC21/slim
http://www.loc.gov/standards/marcxml/schema/MARC21slim.xsd">
  <leader>     cam  2200373Ki 4500</leader>
  <controlfield tag="001">032829540</controlfield>
  <datafield tag="245" ind1="1" ind2="0">
    <subfield code="a">Clinical cases in tropical medicine /</subfield>
    <subfield code="c">Camilla Rothe.</subfield>
  </datafield>
  <datafield tag="500" ind1=" " ind2=" ">
    <subfield code="a">Title from PDF title page (ClinicalKey, viewed May 30, 2014)</subfield>
  </datafield>
</record>