

<record xmlns="http://www.loc.gov/MARC21/slim"
xmlns:xsi="http://www.w3.org/2001/XMLSchema-instance"
xsi:schemaLocation="http://www.loc.gov/MARC21/slim
http://www.loc.gov/standards/marcxml/schema/MARC21slim.xsd">
  <leader>     cam  2200517Li 4500</leader>
  <controlfield tag="001">033174494</controlfield>
  <datafield tag="245" ind1="1" ind2="4">
    <subfield code="a">The substance abuse handbook /</subfield>
    <subfield code="c">Pedro Ruiz, Professor and Executive Vice-Chair, Director of Clinical Programs, Department of Psychiatry and Behavioral Sciences, Miller School of Medicine, University of Miami, Miami, Florida, Eric C. Strain, Professor, Director, Johns Hopkins Center for Substance Abuse Treatment and Research, Medical Director, Behavioral Pharmacology Research Unit, Johns Hopkins University School of Medicine, Baltimore, Maryland.</subfield>
  </datafield>
  <datafield tag="500" ind1=" " ind2=" ">
    <subfield code="a">Companion to: Lowinson and Ruiz&apos;s substance abuse : a comprehensive textbook / editors, Pedro Ruiz, Eric C. Strain. 5th ed. c2011.</subfield>
  </datafield>
</record>