

<record xmlns="http://www.loc.gov/MARC21/slim"
xmlns:xsi="http://www.w3.org/2001/XMLSchema-instance"
xsi:schemaLocation="http://www.loc.gov/MARC21/slim
http://www.loc.gov/standards/marcxml/schema/MARC21slim.xsd">
  <leader>     nam  2200433Ki 4500</leader>
  <controlfield tag="001">032992474</controlfield>
  <datafield tag="245" ind1="1" ind2="0">
    <subfield code="a">Kaplan &amp; Sadock&apos;s synopsis of psychiatry :</subfield>
    <subfield code="b">behavioral sciences/clinical psychiatry.</subfield>
  </datafield>
  <datafield tag="500" ind1=" " ind2=" ">
    <subfield code="a">Preceded by Kaplan &amp; Sadock&apos;s synopsis of psychiatry / Benjamin James Sadock, Virginia Alcott Sadock. 10th ed. 2007.</subfield>
  </datafield>
</record>