

<record xmlns="http://www.loc.gov/MARC21/slim"
xmlns:xsi="http://www.w3.org/2001/XMLSchema-instance"
xsi:schemaLocation="http://www.loc.gov/MARC21/slim
http://www.loc.gov/standards/marcxml/schema/MARC21slim.xsd">
  <leader>02618cam  2200493Ii 4500</leader>
  <controlfield tag="001">032527117</controlfield>
  <datafield tag="245" ind1="1" ind2="0">
    <subfield code="a">Spine imaging :</subfield>
    <subfield code="b">case review /</subfield>
    <subfield code="c">Efrat Saraf-Lavi.</subfield>
  </datafield>
  <datafield tag="500" ind1=" " ind2=" ">
    <subfield code="a">Preceded by: Spine imaging : case review / Brian C. Bowen, Alfonso Rivera, Efrat Saraf-Lavi. 2nd ed. c2008.</subfield>
  </datafield>
</record>