

<record xmlns="http://www.loc.gov/MARC21/slim"
xmlns:xsi="http://www.w3.org/2001/XMLSchema-instance"
xsi:schemaLocation="http://www.loc.gov/MARC21/slim
http://www.loc.gov/standards/marcxml/schema/MARC21slim.xsd">
  <leader>     cam  2200397Ii 4500</leader>
  <controlfield tag="001">032901517</controlfield>
  <datafield tag="245" ind1="1" ind2="0">
    <subfield code="a">Orthopedic manual therapy :</subfield>
    <subfield code="b">assessment and management /</subfield>
    <subfield code="c">Jochen Schomacher, PhD, PT-OMT, DPT, MCMK, Physical Therapist, Küsnacht, Switzerland.</subfield>
  </datafield>
</record>