

<record xmlns="http://www.loc.gov/MARC21/slim"
xmlns:xsi="http://www.w3.org/2001/XMLSchema-instance"
xsi:schemaLocation="http://www.loc.gov/MARC21/slim
http://www.loc.gov/standards/marcxml/schema/MARC21slim.xsd">
  <leader>     nam  2200229L  4500</leader>
  <controlfield tag="001">034363259</controlfield>
  <datafield tag="245" ind1="1" ind2="0">
    <subfield code="a">Doorway thoughts</subfield>
    <subfield code="h">[electronic resource] :</subfield>
    <subfield code="b">cross cultural health care for older adults, 2nd edition;.</subfield>
    <subfield code="c">Sharon A. Brangman, Vyjeyanthi S. Periyakoil.</subfield>
  </datafield>
</record>