

<record xmlns="http://www.loc.gov/MARC21/slim"
xmlns:xsi="http://www.w3.org/2001/XMLSchema-instance"
xsi:schemaLocation="http://www.loc.gov/MARC21/slim
http://www.loc.gov/standards/marcxml/schema/MARC21slim.xsd">
  <leader>     cam  2200541Mu 4500</leader>
  <controlfield tag="001">033388486</controlfield>
  <datafield tag="245" ind1="1" ind2="0">
    <subfield code="a">Reference Range Values for Pediatric Care</subfield>
    <subfield code="h">[electronic resource].</subfield>
  </datafield>
  <datafield tag="500" ind1=" " ind2=" ">
    <subfield code="a">Antibiotics.</subfield>
  </datafield>
</record>