

<record xmlns="http://www.loc.gov/MARC21/slim"
xmlns:xsi="http://www.w3.org/2001/XMLSchema-instance"
xsi:schemaLocation="http://www.loc.gov/MARC21/slim
http://www.loc.gov/standards/marcxml/schema/MARC21slim.xsd">
  <leader>     nam  2200445Ki 4500</leader>
  <controlfield tag="001">032954688</controlfield>
  <datafield tag="245" ind1="1" ind2="0">
    <subfield code="a">Odze and Goldblum surgical pathology of the GI tract, liver, biliary tract, and pancreas /</subfield>
    <subfield code="c">[edited by] Robert D. Odze, John R. Goldblum.</subfield>
  </datafield>
  <datafield tag="500" ind1=" " ind2=" ">
    <subfield code="a">Preceded by Surgical pathology of the GI tract, liver, biliary tract, and pancreas / [edited by] Robert D. Odze and John R. Goldblum. 2nd ed. c2009.</subfield>
  </datafield>
</record>