

<record xmlns="http://www.loc.gov/MARC21/slim"
xmlns:xsi="http://www.w3.org/2001/XMLSchema-instance"
xsi:schemaLocation="http://www.loc.gov/MARC21/slim
http://www.loc.gov/standards/marcxml/schema/MARC21slim.xsd">
  <leader>     nam  2200445Ii 4500</leader>
  <controlfield tag="001">033938027</controlfield>
  <datafield tag="245" ind1="1" ind2="0">
    <subfield code="a">Case files.</subfield>
    <subfield code="p">Critical care /</subfield>
    <subfield code="c">Eugene C. Toy, Manuel Suarez, Terrence H. Liu.</subfield>
  </datafield>
  <datafield tag="500" ind1=" " ind2=" ">
    <subfield code="a">This book is organized for versatility: to allow the student &quot;in a rush&quot; to go quickly through the scenarios and check the corresponding answers, as well as the student who wants thought-provoking explanations. The ansers are arranged from simple to complex: a summary of the pertinent points, the bare answers, and analysis of the case, an approach to the topic, a comprehension test at the end for reinforcement and emphasis, and a list of resources for further reading.</subfield>
  </datafield>
</record>