

<record xmlns="http://www.loc.gov/MARC21/slim"
xmlns:xsi="http://www.w3.org/2001/XMLSchema-instance"
xsi:schemaLocation="http://www.loc.gov/MARC21/slim
http://www.loc.gov/standards/marcxml/schema/MARC21slim.xsd">
  <leader>     cam  2200517 i 4500</leader>
  <controlfield tag="001">032563805</controlfield>
  <datafield tag="245" ind1="1" ind2="0">
    <subfield code="a">Transplantation /</subfield>
    <subfield code="c">edited by John L.R. Forsythe.</subfield>
  </datafield>
</record>