

<record xmlns="http://www.loc.gov/MARC21/slim"
xmlns:xsi="http://www.w3.org/2001/XMLSchema-instance"
xsi:schemaLocation="http://www.loc.gov/MARC21/slim
http://www.loc.gov/standards/marcxml/schema/MARC21slim.xsd">
  <leader>01175cam  2200361Ki 4500</leader>
  <controlfield tag="001">033003424</controlfield>
  <datafield tag="245" ind1="1" ind2="0">
    <subfield code="a">Atlas of interventional pain management /</subfield>
    <subfield code="c">Steven D. Waldman.</subfield>
  </datafield>
</record>