

<record xmlns="http://www.loc.gov/MARC21/slim"
xmlns:xsi="http://www.w3.org/2001/XMLSchema-instance"
xsi:schemaLocation="http://www.loc.gov/MARC21/slim
http://www.loc.gov/standards/marcxml/schema/MARC21slim.xsd">
  <leader>     nam  2200433Ka 4500</leader>
  <controlfield tag="001">021181026</controlfield>
  <datafield tag="245" ind1="1" ind2="0">
    <subfield code="a">Principles of pulmonary medicine</subfield>
    <subfield code="h">[electronic resource] /</subfield>
    <subfield code="c">Steven E. Weinberger, Barbara A. Cockrill, Jess Mandel.</subfield>
  </datafield>
</record>