

<record xmlns="http://www.loc.gov/MARC21/slim"
xmlns:xsi="http://www.w3.org/2001/XMLSchema-instance"
xsi:schemaLocation="http://www.loc.gov/MARC21/slim
http://www.loc.gov/standards/marcxml/schema/MARC21slim.xsd">
  <leader>     cam  2200493Ii 4500</leader>
  <controlfield tag="001">032032889</controlfield>
  <datafield tag="245" ind1="1" ind2="0">
    <subfield code="a">Wheater&apos;s functional histology :</subfield>
    <subfield code="b">a text and colour atlas.</subfield>
  </datafield>
  <datafield tag="500" ind1=" " ind2=" ">
    <subfield code="a">Preceded by: Wheater&apos;s functional histology / Barbara Young [and others]. 5th ed. 2006.</subfield>
  </datafield>
</record>