

<record xmlns="http://www.loc.gov/MARC21/slim"
xmlns:xsi="http://www.w3.org/2001/XMLSchema-instance"
xsi:schemaLocation="http://www.loc.gov/MARC21/slim
http://www.loc.gov/standards/marcxml/schema/MARC21slim.xsd">
  <leader>03600cam  2200637Ii 4500</leader>
  <controlfield tag="001">032527077</controlfield>
  <datafield tag="245" ind1="1" ind2="0">
    <subfield code="a">Nuclear medicine :</subfield>
    <subfield code="b">the requisites /</subfield>
    <subfield code="c">Harvey A. Ziessman, Janis P. O&apos;Malley, James H. Thrall ; associate editor, Frederic H. Fahey.</subfield>
  </datafield>
  <datafield tag="500" ind1=" " ind2=" ">
    <subfield code="a">Thrall&apos;s name appears first on an earlier edition.</subfield>
  </datafield>
</record>