

<record xmlns="http://www.loc.gov/MARC21/slim"
xmlns:xsi="http://www.w3.org/2001/XMLSchema-instance"
xsi:schemaLocation="http://www.loc.gov/MARC21/slim
http://www.loc.gov/standards/marcxml/schema/MARC21slim.xsd">
  <leader>     cam  2200397Ia 4500</leader>
  <controlfield tag="001">034211926</controlfield>
  <datafield tag="245" ind1="0" ind2="0">
    <subfield code="a">Johns Hopkins psychiatry guide /</subfield>
    <subfield code="c">editors-in-chief, J. Raymond DePaulo and O. Joseph Bienvenu ; managing editors, Paul Kim [and others].</subfield>
  </datafield>
  <datafield tag="500" ind1=" " ind2=" ">
    <subfield code="a">EINSTEIN: available online via Unbound Medicine. See Reference for assistance.</subfield>
  </datafield>
</record>