

<record xmlns="http://www.loc.gov/MARC21/slim"
xmlns:xsi="http://www.w3.org/2001/XMLSchema-instance"
xsi:schemaLocation="http://www.loc.gov/MARC21/slim
http://www.loc.gov/standards/marcxml/schema/MARC21slim.xsd">
  <leader>06702cam  2200733Ia 4500</leader>
  <controlfield tag="001">034199636</controlfield>
  <datafield tag="245" ind1="0" ind2="4">
    <subfield code="a">The Autoimmune Diseases /</subfield>
    <subfield code="c">edited by Noel R. Rose and Ian R. Mackay.</subfield>
  </datafield>
</record>