

<record xmlns="http://www.loc.gov/MARC21/slim"
xmlns:xsi="http://www.w3.org/2001/XMLSchema-instance"
xsi:schemaLocation="http://www.loc.gov/MARC21/slim
http://www.loc.gov/standards/marcxml/schema/MARC21slim.xsd">
  <leader>     nam a22      a 4500</leader>
  <datafield tag="245" ind1=" " ind2="0">
    <subfield code="a">White Board</subfield>
  </datafield>
</record>

<record xmlns="http://www.loc.gov/MARC21/slim"
xmlns:xsi="http://www.w3.org/2001/XMLSchema-instance"
xsi:schemaLocation="http://www.loc.gov/MARC21/slim
http://www.loc.gov/standards/marcxml/schema/MARC21slim.xsd">
  <leader>     cam  2200553Ii 4500</leader>
  <controlfield tag="001">033938031</controlfield>
  <datafield tag="245" ind1="0" ind2="0">
    <subfield code="a">Case files.</subfield>
    <subfield code="p">Pharmacology /</subfield>
    <subfield code="c">Eugene C. Toy, MD, Vice Chair of Academic Affairs and Residency Program Director, Department of Obstetrics and Gynecology, the Methodist Hospital, Houston John S. Dunn, Senior Academic Chair of Obstetrics and Gynecology, St. Joseph Medical Center, Clerkship Director and Clinical Professor, Department of Obstetrics and Gynecology, University of Texas Medical School at Houston, Houston, Texas, David S. Loose, PhD, Associate Professor, Department of Integrative Biology and Pharmacology &amp; Graduate School of Biomedical Sciences, University of Texas Medical School at Houston, Houston, Texas, Shelley A. Tischkau, PhD, Associate Professor, Department of Pharmacology, Southern Illinois University School of Medicine, Springfield, Illinois, Anush S. Pillai, DO, FAAFP, Attending/Faculty Physician, Methodist Family Medicine Residency Program, Deputy Vice Chair, the Methodist Hospital, Clinical Assistant Professor, Weill Medical College, Cornell University, Vecino Health Centers, Denver Harbor Clinic, Houston, Texas.</subfield>
  </datafield>
</record>