

<record xmlns="http://www.loc.gov/MARC21/slim"
xmlns:xsi="http://www.w3.org/2001/XMLSchema-instance"
xsi:schemaLocation="http://www.loc.gov/MARC21/slim
http://www.loc.gov/standards/marcxml/schema/MARC21slim.xsd">
  <leader>     nam  2200433Ii 4500</leader>
  <controlfield tag="001">033937796</controlfield>
  <datafield tag="245" ind1="0" ind2="0">
    <subfield code="a">Step-up to surgery /</subfield>
    <subfield code="c">Stanley Zaslau, MD, MBA, FACS, Professor, Chief, Urology Residency Program Director, Associate Chair, Education and Research, Department of Surgery, West Virginia University, Morgantown, West Virginia, Richard A. Vaughan, MD, FACS, Professor, Department of Surgery, West Virginia University, Morgantown, West Virginia.</subfield>
  </datafield>
</record>