

<record xmlns="http://www.loc.gov/MARC21/slim"
xmlns:xsi="http://www.w3.org/2001/XMLSchema-instance"
xsi:schemaLocation="http://www.loc.gov/MARC21/slim
http://www.loc.gov/standards/marcxml/schema/MARC21slim.xsd">
  <leader>     ntm  2200421Ii 4500</leader>
  <controlfield tag="001">033929556</controlfield>
  <datafield tag="245" ind1="0" ind2="0">
    <subfield code="a">Obstetrics and gynecology /</subfield>
    <subfield code="c">American College of Obstetricians and Gynecologists (ACOG) ; with Charles R.B. Beckmann [and others].</subfield>
  </datafield>
</record>