

<record xmlns="http://www.loc.gov/MARC21/slim"
xmlns:xsi="http://www.w3.org/2001/XMLSchema-instance"
xsi:schemaLocation="http://www.loc.gov/MARC21/slim
http://www.loc.gov/standards/marcxml/schema/MARC21slim.xsd">
  <leader>     cam  2200553Ka 4500</leader>
  <controlfield tag="001">033782662</controlfield>
  <datafield tag="245" ind1="0" ind2="0">
    <subfield code="a">Implementing curricular and institutional climate changes to improve health care for individuals who are LGBT, gender nonconforming, or born with DSD</subfield>
    <subfield code="h">[electronic resource] :</subfield>
    <subfield code="b">a resource for medical educators /</subfield>
    <subfield code="c">edited for the AAMC by Andrew D. Hollenbach, Kristen L. Eckstrand, Alice Dreger.</subfield>
  </datafield>
  <datafield tag="500" ind1=" " ind2=" ">
    <subfield code="a">&quot;This report was produced by the AAMC Advisory Committee on Sexual Orientation, Gender Identity, and Sex Development&quot;--Page ii.</subfield>
  </datafield>
</record>