

<record xmlns="http://www.loc.gov/MARC21/slim"
xmlns:xsi="http://www.w3.org/2001/XMLSchema-instance"
xsi:schemaLocation="http://www.loc.gov/MARC21/slim
http://www.loc.gov/standards/marcxml/schema/MARC21slim.xsd">
  <leader>     nam  2200361Ii 4500</leader>
  <controlfield tag="001">033751867</controlfield>
  <datafield tag="245" ind1="0" ind2="0">
    <subfield code="a">Core entrustable professional activities for entering residency :</subfield>
    <subfield code="b">curriculum developers&apos; guide /</subfield>
    <subfield code="c">Association of American Medical Colleges.</subfield>
  </datafield>
</record>