

<record xmlns="http://www.loc.gov/MARC21/slim"
xmlns:xsi="http://www.w3.org/2001/XMLSchema-instance"
xsi:schemaLocation="http://www.loc.gov/MARC21/slim
http://www.loc.gov/standards/marcxml/schema/MARC21slim.xsd">
  <leader>     cam  2200493Ia 4500</leader>
  <controlfield tag="001">033646257</controlfield>
  <datafield tag="245" ind1="0" ind2="0">
    <subfield code="a">Color atlas and synopsis of vascular diseases /</subfield>
    <subfield code="c">editors, Steven Dean, Bhagwan Satiani.</subfield>
  </datafield>
</record>