

<record xmlns="http://www.loc.gov/MARC21/slim"
xmlns:xsi="http://www.w3.org/2001/XMLSchema-instance"
xsi:schemaLocation="http://www.loc.gov/MARC21/slim
http://www.loc.gov/standards/marcxml/schema/MARC21slim.xsd">
  <leader>     ngm  2200337Ia 4500</leader>
  <controlfield tag="001">033601623</controlfield>
  <datafield tag="245" ind1="0" ind2="0">
    <subfield code="a">Dark side of the full moon</subfield>
    <subfield code="h">[videorecording]</subfield>
    <subfield code="c">PPDDocumentary ; Maureen Fura, writer /director; Jennifer Sillirman, producer; dr. Shoshana Bennett, executive producer.</subfield>
  </datafield>
  <datafield tag="500" ind1=" " ind2=" ">
    <subfield code="a">The film highlights peer-to-peer support groups, relevant policy, research, and treatment and tells the story through interviews with survivors, family members, therapists, psychologists, doctors, scientists, nurses, midwives, researchers, lawyers and scholars.</subfield>
  </datafield>
</record>