

<record xmlns="http://www.loc.gov/MARC21/slim"
xmlns:xsi="http://www.w3.org/2001/XMLSchema-instance"
xsi:schemaLocation="http://www.loc.gov/MARC21/slim
http://www.loc.gov/standards/marcxml/schema/MARC21slim.xsd">
  <leader>     nam  2200445Ii 4500</leader>
  <controlfield tag="001">033424277</controlfield>
  <datafield tag="245" ind1="0" ind2="0">
    <subfield code="a">Pharmacology /</subfield>
    <subfield code="c">[edited by] Karen Whalen ; collaborating editors, Richard Finkel, Thomas A. Panavelil.</subfield>
  </datafield>
  <datafield tag="500" ind1=" " ind2=" ">
    <subfield code="a">Includes index.</subfield>
  </datafield>
  <datafield tag="500" ind1=" " ind2=" ">
    <subfield code="a">Preceded by Pharmacology / Michelle A. Clark [and others]. 5th ed. c2012.</subfield>
  </datafield>
</record>