

<record xmlns="http://www.loc.gov/MARC21/slim"
xmlns:xsi="http://www.w3.org/2001/XMLSchema-instance"
xsi:schemaLocation="http://www.loc.gov/MARC21/slim
http://www.loc.gov/standards/marcxml/schema/MARC21slim.xsd">
  <leader>01756cam  2200469Ii 4500</leader>
  <controlfield tag="001">033354905</controlfield>
  <datafield tag="245" ind1="0" ind2="0">
    <subfield code="a">Neuromuscular disorders of infancy, childhood, and adolescence :</subfield>
    <subfield code="b">a clinician&apos;s approach /</subfield>
    <subfield code="c">edited by Basil T. Darras, H. Royden Jones, Jr., Monique M. Ryan, Darryl C. De Vivo.</subfield>
  </datafield>
  <datafield tag="590" ind1=" " ind2=" ">
    <subfield code="a">Elsevier</subfield>
    <subfield code="b">ScienceDirect All Books</subfield>
  </datafield>
</record>