

<record xmlns="http://www.loc.gov/MARC21/slim"
xmlns:xsi="http://www.w3.org/2001/XMLSchema-instance"
xsi:schemaLocation="http://www.loc.gov/MARC21/slim
http://www.loc.gov/standards/marcxml/schema/MARC21slim.xsd">
  <leader>05304cam  2200745Ki 4500</leader>
  <controlfield tag="001">033350227</controlfield>
  <datafield tag="245" ind1="0" ind2="0">
    <subfield code="a">Gene therapy of cancer :</subfield>
    <subfield code="b">translational approaches from preclinical studies to clinical implementation /</subfield>
    <subfield code="c">edited by Edmund Lattime, Stanton Gerson.</subfield>
  </datafield>
  <datafield tag="590" ind1=" " ind2=" ">
    <subfield code="a">Elsevier</subfield>
    <subfield code="b">ScienceDirect All Books</subfield>
  </datafield>
</record>