

<record xmlns="http://www.loc.gov/MARC21/slim"
xmlns:xsi="http://www.w3.org/2001/XMLSchema-instance"
xsi:schemaLocation="http://www.loc.gov/MARC21/slim
http://www.loc.gov/standards/marcxml/schema/MARC21slim.xsd">
  <leader>     cam  2200481Ii 4500</leader>
  <controlfield tag="001">033305042</controlfield>
  <datafield tag="245" ind1="0" ind2="0">
    <subfield code="a">Primary care medicine :</subfield>
    <subfield code="b">office evaluation and management of the adult patient /</subfield>
    <subfield code="c">[edited by] Allan H. Goroll, Albert G. Mulley, Jr.</subfield>
  </datafield>
</record>