

<record xmlns="http://www.loc.gov/MARC21/slim"
xmlns:xsi="http://www.w3.org/2001/XMLSchema-instance"
xsi:schemaLocation="http://www.loc.gov/MARC21/slim
http://www.loc.gov/standards/marcxml/schema/MARC21slim.xsd">
  <leader>     cam  2200481Ii 4500</leader>
  <controlfield tag="001">033187613</controlfield>
  <datafield tag="245" ind1="0" ind2="0">
    <subfield code="a">Johns Hopkins textbook of cardiothoracic surgery /</subfield>
    <subfield code="c">edited by David D. Yuh [and others].</subfield>
  </datafield>
  <datafield tag="500" ind1=" " ind2=" ">
    <subfield code="a">Revised edition of: Johns Hopkins manual of cardiothoracic surgery. 2007.</subfield>
  </datafield>
</record>