

<record xmlns="http://www.loc.gov/MARC21/slim"
xmlns:xsi="http://www.w3.org/2001/XMLSchema-instance"
xsi:schemaLocation="http://www.loc.gov/MARC21/slim
http://www.loc.gov/standards/marcxml/schema/MARC21slim.xsd">
  <leader>     nam  2200421Ii 4500</leader>
  <controlfield tag="001">033117665</controlfield>
  <datafield tag="245" ind1="0" ind2="0">
    <subfield code="a">Clinical genomics :</subfield>
    <subfield code="b">practical applications in adult patient care /</subfield>
    <subfield code="c">editors, Michael F. Murray, Mark W. Babyatsky, Monica A. Giovanni ; associate editors, Fowzan S. Alkuraya, Douglas R. Stewart.</subfield>
  </datafield>
</record>