

<record xmlns="http://www.loc.gov/MARC21/slim"
xmlns:xsi="http://www.w3.org/2001/XMLSchema-instance"
xsi:schemaLocation="http://www.loc.gov/MARC21/slim
http://www.loc.gov/standards/marcxml/schema/MARC21slim.xsd">
  <leader>     nam  2200517Ia 4500</leader>
  <controlfield tag="001">033103289</controlfield>
  <datafield tag="245" ind1="0" ind2="0">
    <subfield code="a">Current occupational &amp; environmental medicine</subfield>
    <subfield code="h">[electronic resource] /</subfield>
    <subfield code="c">editors, Joseph LaDou, Robert J. Harrison.</subfield>
  </datafield>
  <datafield tag="500" ind1=" " ind2=" ">
    <subfield code="a">&quot;A Lange medical book&quot; -- t.p.</subfield>
  </datafield>
</record>