

<record xmlns="http://www.loc.gov/MARC21/slim"
xmlns:xsi="http://www.w3.org/2001/XMLSchema-instance"
xsi:schemaLocation="http://www.loc.gov/MARC21/slim
http://www.loc.gov/standards/marcxml/schema/MARC21slim.xsd">
  <leader>     nam  2200361Ii 4500</leader>
  <controlfield tag="001">033102004</controlfield>
  <datafield tag="245" ind1="0" ind2="0">
    <subfield code="a">Laboratory medicine :</subfield>
    <subfield code="b">the diagnosis of disease in the clinical laboratory /</subfield>
    <subfield code="c">edited by Michael Laposata.</subfield>
  </datafield>
</record>