

<record xmlns="http://www.loc.gov/MARC21/slim"
xmlns:xsi="http://www.w3.org/2001/XMLSchema-instance"
xsi:schemaLocation="http://www.loc.gov/MARC21/slim
http://www.loc.gov/standards/marcxml/schema/MARC21slim.xsd">
  <leader>     cam  2200505Ki 4500</leader>
  <controlfield tag="001">033090853</controlfield>
  <datafield tag="245" ind1="0" ind2="0">
    <subfield code="a">Wintrobe&apos;s clinical hematology /</subfield>
    <subfield code="c">editors, John P. Greer, Daniel A. Arber, Bertil Glader, Alan F. List, Robert T. Means Jr., Frixos Paraskevas, George M. Rodgers ; editor emeritus, John Foerster.</subfield>
  </datafield>
</record>