

<record xmlns="http://www.loc.gov/MARC21/slim"
xmlns:xsi="http://www.w3.org/2001/XMLSchema-instance"
xsi:schemaLocation="http://www.loc.gov/MARC21/slim
http://www.loc.gov/standards/marcxml/schema/MARC21slim.xsd">
  <leader>01447nam  2200421Ki 4500</leader>
  <controlfield tag="001">033042718</controlfield>
  <datafield tag="245" ind1="0" ind2="0">
    <subfield code="a">Textbook of the cervical spine /</subfield>
    <subfield code="c">[edited by] Francis H. Shen, Dino Samartzis, Richard G. Fessler.</subfield>
  </datafield>
</record>