

<record xmlns="http://www.loc.gov/MARC21/slim"
xmlns:xsi="http://www.w3.org/2001/XMLSchema-instance"
xsi:schemaLocation="http://www.loc.gov/MARC21/slim
http://www.loc.gov/standards/marcxml/schema/MARC21slim.xsd">
  <leader>     cam  2200289Ia 4500</leader>
  <controlfield tag="001">033042427</controlfield>
  <datafield tag="245" ind1="0" ind2="0">
    <subfield code="a">Integrated care</subfield>
    <subfield code="h">[electronic resource] :</subfield>
    <subfield code="b">working at the interface of primary care and behavioral health /</subfield>
    <subfield code="c">edited by Lori E. Raney.</subfield>
  </datafield>
  <datafield tag="500" ind1=" " ind2=" ">
    <subfield code="a">Copyright statement says copyright 2015, but database linking page has date: September 2014.</subfield>
  </datafield>
</record>