

<record xmlns="http://www.loc.gov/MARC21/slim"
xmlns:xsi="http://www.w3.org/2001/XMLSchema-instance"
xsi:schemaLocation="http://www.loc.gov/MARC21/slim
http://www.loc.gov/standards/marcxml/schema/MARC21slim.xsd">
  <leader>     cam  2200565Ii 4500</leader>
  <controlfield tag="001">033031611</controlfield>
  <datafield tag="245" ind1="0" ind2="0">
    <subfield code="a">Schwartz&apos;s principles of surgery /</subfield>
    <subfield code="c">editor-in-chief, F. Charles Brunicardi ; associate editors, Dana K. Andersen, Timothy R. Billiar, David L. Dunn, John G. Hunter, Jeffrey B. Matthews, Raphael E. Pollock.</subfield>
  </datafield>
  <datafield tag="500" ind1=" " ind2=" ">
    <subfield code="a">Preceded by Schwartz&apos;s principles of surgery / editor-in-chief, F. Charles Brunicardi ; associate editors, Dana K. Andersen [and others]. 9th ed. c2010.</subfield>
  </datafield>
</record>