

<record xmlns="http://www.loc.gov/MARC21/slim"
xmlns:xsi="http://www.w3.org/2001/XMLSchema-instance"
xsi:schemaLocation="http://www.loc.gov/MARC21/slim
http://www.loc.gov/standards/marcxml/schema/MARC21slim.xsd">
  <leader>04632cam  2200745Ii 4500</leader>
  <controlfield tag="001">033017754</controlfield>
  <datafield tag="245" ind1="0" ind2="0">
    <subfield code="a">Cellular and molecular pathobiology of cardiovascular disease /</subfield>
    <subfield code="c">edited by Monte S. Willis, MD, PhD, FCAP, FASCP, FAHA, University of North Carolina, UNC Health Care, McAllister Heart Institute, Department of Pathology &amp; Laboratory Medicine, Chapel Hill, NC, USA, Jonathon W. Homeister, MD, PhD, FCAP, University of North Carolina, UNC Health Care, McAllister Heart Institute, Department of Pathology &amp; Laboratory Medicine, Chapel Hill, NC, USA, James R. Stone, MD, PhD, Harvard Medical School, Massachusetts General Hospital, Department of Pathology, Boston, MA, USA.</subfield>
  </datafield>
</record>