

<record xmlns="http://www.loc.gov/MARC21/slim"
xmlns:xsi="http://www.w3.org/2001/XMLSchema-instance"
xsi:schemaLocation="http://www.loc.gov/MARC21/slim
http://www.loc.gov/standards/marcxml/schema/MARC21slim.xsd">
  <leader>01596cam  2200445Ki 4500</leader>
  <controlfield tag="001">033003433</controlfield>
  <datafield tag="245" ind1="0" ind2="0">
    <subfield code="a">Miller&apos;s anesthesia /</subfield>
    <subfield code="c">[edited by] Ronald D. Miller ; associate editors, Neal H. Cohen, Lars I. Eriksson, Lee A. Fleisher, Jeanine P. Wiener-Kronish, William L. Young.</subfield>
  </datafield>
</record>