

<record xmlns="http://www.loc.gov/MARC21/slim"
xmlns:xsi="http://www.w3.org/2001/XMLSchema-instance"
xsi:schemaLocation="http://www.loc.gov/MARC21/slim
http://www.loc.gov/standards/marcxml/schema/MARC21slim.xsd">
  <leader>02624cam  2200457Ki 4500</leader>
  <controlfield tag="001">033003429</controlfield>
  <datafield tag="245" ind1="0" ind2="0">
    <subfield code="a">Problem solving in emergency radiology /</subfield>
    <subfield code="c">section/associate editors, Stuart Mirvis, Wayne Scott Kubal, Kathirkamanathan Shanmuganathan, Jorge Soto, Joseph S. Yu.</subfield>
  </datafield>
</record>