

<record xmlns="http://www.loc.gov/MARC21/slim"
xmlns:xsi="http://www.w3.org/2001/XMLSchema-instance"
xsi:schemaLocation="http://www.loc.gov/MARC21/slim
http://www.loc.gov/standards/marcxml/schema/MARC21slim.xsd">
  <leader>01828nam  2200469Ki 4500</leader>
  <controlfield tag="001">033003427</controlfield>
  <datafield tag="245" ind1="0" ind2="0">
    <subfield code="a">Diabetes in cardiovascular disease :</subfield>
    <subfield code="b">a companion to Braunwald&apos;s heart disease /</subfield>
    <subfield code="c">[edited by] Darren K. McGuire, Nikolaus Marx.</subfield>
  </datafield>
  <datafield tag="500" ind1=" " ind2=" ">
    <subfield code="a">Complemented by: Braunwald&apos;s heart disease / edited by Robert O. Bonow ... [et al.]. 9th ed. 2012.</subfield>
  </datafield>
</record>