

<record xmlns="http://www.loc.gov/MARC21/slim"
xmlns:xsi="http://www.w3.org/2001/XMLSchema-instance"
xsi:schemaLocation="http://www.loc.gov/MARC21/slim
http://www.loc.gov/standards/marcxml/schema/MARC21slim.xsd">
  <leader>03351cam  2200613Ii 4500</leader>
  <controlfield tag="001">032969956</controlfield>
  <datafield tag="245" ind1="0" ind2="4">
    <subfield code="a">The Harriet Lane handbook of pediatric antimicrobial therapy /</subfield>
    <subfield code="c">[edited by] Julia A. McMillan MD, Carlton K.K. Lee, PharmD, MPH, George K. Siberry, MD, MPH, Karen C. Carroll, MD.</subfield>
  </datafield>
</record>