

<record xmlns="http://www.loc.gov/MARC21/slim"
xmlns:xsi="http://www.w3.org/2001/XMLSchema-instance"
xsi:schemaLocation="http://www.loc.gov/MARC21/slim
http://www.loc.gov/standards/marcxml/schema/MARC21slim.xsd">
  <leader>05429cam  22005298i 4500</leader>
  <controlfield tag="001">032969951</controlfield>
  <datafield tag="245" ind1="0" ind2="0">
    <subfield code="a">Davidson&apos;s principles and practice of medicine /</subfield>
    <subfield code="c">edited by Brian R. Walker, Nicki R. Colledge, Stuart H. Ralston, Ian D. Penman ; illustrations by Robert Britton.</subfield>
  </datafield>
</record>