

<record xmlns="http://www.loc.gov/MARC21/slim"
xmlns:xsi="http://www.w3.org/2001/XMLSchema-instance"
xsi:schemaLocation="http://www.loc.gov/MARC21/slim
http://www.loc.gov/standards/marcxml/schema/MARC21slim.xsd">
  <leader>     cam  2200433Ii 4500</leader>
  <controlfield tag="001">032967976</controlfield>
  <datafield tag="245" ind1="0" ind2="0">
    <subfield code="a">Operative pediatric surgery /</subfield>
    <subfield code="c">[edited by] Moritz M. Ziegler, MD, Richard G. Azizkhan, MD, PhD (Hon), Daniel von Allmen, MD, Thomas R. Weber, MD.</subfield>
  </datafield>
  <datafield tag="500" ind1=" " ind2=" ">
    <subfield code="a">Previous edition: 2003.</subfield>
  </datafield>
  <datafield tag="500" ind1=" " ind2=" ">
    <subfield code="a">Previous edition: 2003.</subfield>
  </datafield>
</record>