

<record xmlns="http://www.loc.gov/MARC21/slim"
xmlns:xsi="http://www.w3.org/2001/XMLSchema-instance"
xsi:schemaLocation="http://www.loc.gov/MARC21/slim
http://www.loc.gov/standards/marcxml/schema/MARC21slim.xsd">
  <leader>     cam  2200697Ii 4500</leader>
  <controlfield tag="001">032958477</controlfield>
  <datafield tag="245" ind1="0" ind2="0">
    <subfield code="a">Practical management of pain /</subfield>
    <subfield code="c">[edited by] Honorio T. Benzon, James P. Rathmell, Christopher L. Wu, Dennis C. Turk, Charles E. Argoff, Robert W. Hurley.</subfield>
  </datafield>
  <datafield tag="500" ind1=" " ind2=" ">
    <subfield code="a">Rev. ed. of: Raj&apos;s practical management of pain / [edited by] Honorio T. Benzon ... [et al.]. 4th ed. 2008.</subfield>
  </datafield>
</record>