

<record xmlns="http://www.loc.gov/MARC21/slim"
xmlns:xsi="http://www.w3.org/2001/XMLSchema-instance"
xsi:schemaLocation="http://www.loc.gov/MARC21/slim
http://www.loc.gov/standards/marcxml/schema/MARC21slim.xsd">
  <leader>     cam  2200613Ii 4500</leader>
  <controlfield tag="001">032954698</controlfield>
  <datafield tag="245" ind1="0" ind2="0">
    <subfield code="a">Braunwald&apos;s heart disease :</subfield>
    <subfield code="b">a textbook of cardiovascular medicine /</subfield>
    <subfield code="c">edited by Douglas L. Mann, Douglas P. Zipes, Peter Libby, Robert O. Bonow ; founding editor and online editor Eugene Braunwald.</subfield>
  </datafield>
  <datafield tag="500" ind1=" " ind2=" ">
    <subfield code="a">Preceded by Braunwald&apos;s heart disease / edited by Robert O. Bonow ... [et al.] ; founding editor and online editor Eugene Braunwald. c2012.</subfield>
  </datafield>
</record>