

<record xmlns="http://www.loc.gov/MARC21/slim"
xmlns:xsi="http://www.w3.org/2001/XMLSchema-instance"
xsi:schemaLocation="http://www.loc.gov/MARC21/slim
http://www.loc.gov/standards/marcxml/schema/MARC21slim.xsd">
  <leader>     nam  2200325Ki 4500</leader>
  <controlfield tag="001">032954685</controlfield>
  <datafield tag="245" ind1="0" ind2="0">
    <subfield code="a">Orthopaedic surgical approaches /</subfield>
    <subfield code="c">Mark D. Miller...[and 4 more].</subfield>
  </datafield>
</record>