

<record xmlns="http://www.loc.gov/MARC21/slim"
xmlns:xsi="http://www.w3.org/2001/XMLSchema-instance"
xsi:schemaLocation="http://www.loc.gov/MARC21/slim
http://www.loc.gov/standards/marcxml/schema/MARC21slim.xsd">
  <leader>     cam  2200541Ii 4500</leader>
  <controlfield tag="001">032945984</controlfield>
  <datafield tag="245" ind1="0" ind2="0">
    <subfield code="a">Pathophysiology of disease :</subfield>
    <subfield code="b">an introduction to clinical medicine /</subfield>
    <subfield code="c">Gary D. Hammer, editor, Stephen J. McPhee, editor.</subfield>
  </datafield>
  <datafield tag="500" ind1=" " ind2=" ">
    <subfield code="a">&quot;A Lange Medical book.&quot;</subfield>
  </datafield>
</record>