

<record xmlns="http://www.loc.gov/MARC21/slim"
xmlns:xsi="http://www.w3.org/2001/XMLSchema-instance"
xsi:schemaLocation="http://www.loc.gov/MARC21/slim
http://www.loc.gov/standards/marcxml/schema/MARC21slim.xsd">
  <leader>     cam  2200553Ii 4500</leader>
  <controlfield tag="001">032945978</controlfield>
  <datafield tag="245" ind1="0" ind2="0">
    <subfield code="a">Current diagnosis and treatment :</subfield>
    <subfield code="b">geriatrics /</subfield>
    <subfield code="c">[editors] Brie A. Williams, MD, MS ; Anna Chang, MD ; Cyrus Ahalt, MPP ; Rebecca Conant, MD ; Christine Ritchie, MD, MSPH ; Helen Chen, MD ; C. Seth Landefeld, MD ; Michi Yukawa, MD, MPH.</subfield>
  </datafield>
</record>