

<record xmlns="http://www.loc.gov/MARC21/slim"
xmlns:xsi="http://www.w3.org/2001/XMLSchema-instance"
xsi:schemaLocation="http://www.loc.gov/MARC21/slim
http://www.loc.gov/standards/marcxml/schema/MARC21slim.xsd">
  <leader>     cam  2200421Ma 4500</leader>
  <controlfield tag="001">032919364</controlfield>
  <datafield tag="245" ind1="0" ind2="0">
    <subfield code="a">Molecular diagnostics and treatment of pancreatic cancer</subfield>
    <subfield code="h">[electronic resource] :</subfield>
    <subfield code="b">systems and network biology approaches /</subfield>
    <subfield code="c">edited by Asfar S. Azmi.</subfield>
  </datafield>
  <datafield tag="500" ind1=" " ind2=" ">
    <subfield code="a">Includes index.</subfield>
  </datafield>
</record>