

<record xmlns="http://www.loc.gov/MARC21/slim"
xmlns:xsi="http://www.w3.org/2001/XMLSchema-instance"
xsi:schemaLocation="http://www.loc.gov/MARC21/slim
http://www.loc.gov/standards/marcxml/schema/MARC21slim.xsd">
  <leader>     cam  2200613Ia 4500</leader>
  <controlfield tag="001">032919086</controlfield>
  <datafield tag="245" ind1="0" ind2="4">
    <subfield code="a">The autoimmune diseases</subfield>
    <subfield code="h">[electronic resource] /</subfield>
    <subfield code="c">edited by Noel R. Rose and Ian R. Mackay.</subfield>
  </datafield>
  <datafield tag="500" ind1=" " ind2=" ">
    <subfield code="a">Includes index.</subfield>
  </datafield>
</record>