

<record xmlns="http://www.loc.gov/MARC21/slim"
xmlns:xsi="http://www.w3.org/2001/XMLSchema-instance"
xsi:schemaLocation="http://www.loc.gov/MARC21/slim
http://www.loc.gov/standards/marcxml/schema/MARC21slim.xsd">
  <leader>     cam  22005418i 4500</leader>
  <controlfield tag="001">032830007</controlfield>
  <datafield tag="245" ind1="0" ind2="0">
    <subfield code="a">Munro Kerr&apos;s operative obstetrics /</subfield>
    <subfield code="c">Thomas F. Baskett, Andrew A. Calder, Sabaratnam Arulkumaran ; illustrations by Ian Ramsden.</subfield>
  </datafield>
</record>