

<record xmlns="http://www.loc.gov/MARC21/slim"
xmlns:xsi="http://www.w3.org/2001/XMLSchema-instance"
xsi:schemaLocation="http://www.loc.gov/MARC21/slim
http://www.loc.gov/standards/marcxml/schema/MARC21slim.xsd">
  <leader>     cam  2200517Ki 4500</leader>
  <controlfield tag="001">032829218</controlfield>
  <datafield tag="245" ind1="0" ind2="0">
    <subfield code="a">Netter&apos;s correlative imaging.</subfield>
    <subfield code="p">Neuroanatomy /</subfield>
    <subfield code="c">volume editors, Thomas C. Lee, Srinivasan Mukundan, Jr. ; illustrations by Frank H. Netter, contributing illustrators, Tiffany Slaybaugh DaVanzo, Carlos Machado.</subfield>
  </datafield>
</record>