

<record xmlns="http://www.loc.gov/MARC21/slim"
xmlns:xsi="http://www.w3.org/2001/XMLSchema-instance"
xsi:schemaLocation="http://www.loc.gov/MARC21/slim
http://www.loc.gov/standards/marcxml/schema/MARC21slim.xsd">
  <leader>     cam  2200493Ii 4500</leader>
  <controlfield tag="001">032823061</controlfield>
  <datafield tag="245" ind1="0" ind2="0">
    <subfield code="a">Robbins and Cotran pathologic basis of disease /</subfield>
    <subfield code="c">[edited by] Vinay Kumar, Abul K. Abbas, Jon C. Aster ; with illustrations by James A. Perkins.</subfield>
  </datafield>
</record>