

<record xmlns="http://www.loc.gov/MARC21/slim"
xmlns:xsi="http://www.w3.org/2001/XMLSchema-instance"
xsi:schemaLocation="http://www.loc.gov/MARC21/slim
http://www.loc.gov/standards/marcxml/schema/MARC21slim.xsd">
  <leader>     cam  2200553Ii 4500</leader>
  <controlfield tag="001">032808810</controlfield>
  <datafield tag="245" ind1="0" ind2="0">
    <subfield code="a">Radiology 101 :</subfield>
    <subfield code="b">basics and fundamentals of imaging /</subfield>
    <subfield code="c">editors, Wilbur L. Smith, Thomas A. Farrell.</subfield>
  </datafield>
  <datafield tag="500" ind1=" " ind2=" ">
    <subfield code="a">Title from title screen (viewed June 3, 2014)</subfield>
  </datafield>
</record>