

<record xmlns="http://www.loc.gov/MARC21/slim"
xmlns:xsi="http://www.w3.org/2001/XMLSchema-instance"
xsi:schemaLocation="http://www.loc.gov/MARC21/slim
http://www.loc.gov/standards/marcxml/schema/MARC21slim.xsd">
  <leader>     cam  2200421Ki 4500</leader>
  <controlfield tag="001">032628592</controlfield>
  <datafield tag="245" ind1="0" ind2="0">
    <subfield code="a">Dermatology essentials /</subfield>
    <subfield code="c">edited by Jean L. Bolognia, Julie V. Schaffer, Karynne O. Duncan and Christine J. Ko.</subfield>
  </datafield>
</record>