

<record xmlns="http://www.loc.gov/MARC21/slim"
xmlns:xsi="http://www.w3.org/2001/XMLSchema-instance"
xsi:schemaLocation="http://www.loc.gov/MARC21/slim
http://www.loc.gov/standards/marcxml/schema/MARC21slim.xsd">
  <leader>     cam  2200601Ka 4500</leader>
  <controlfield tag="001">032563816</controlfield>
  <datafield tag="245" ind1="0" ind2="0">
    <subfield code="a">Yen and Jaffe&apos;s reproductive endocrinology</subfield>
    <subfield code="h">[electronic resource] :</subfield>
    <subfield code="b">physiology, pathophysiology, and clinical management /</subfield>
    <subfield code="c">[edited by] Jerome F. Strauss III, Robert Barbieri.</subfield>
  </datafield>
</record>