

<record xmlns="http://www.loc.gov/MARC21/slim"
xmlns:xsi="http://www.w3.org/2001/XMLSchema-instance"
xsi:schemaLocation="http://www.loc.gov/MARC21/slim
http://www.loc.gov/standards/marcxml/schema/MARC21slim.xsd">
  <leader>     cam  2200421Ii 4500</leader>
  <controlfield tag="001">032563812</controlfield>
  <datafield tag="245" ind1="0" ind2="0">
    <subfield code="a">Urologic surgical pathology /</subfield>
    <subfield code="c">David G. Bostwick, Liang Cheng, editors.</subfield>
  </datafield>
</record>