

<record xmlns="http://www.loc.gov/MARC21/slim"
xmlns:xsi="http://www.w3.org/2001/XMLSchema-instance"
xsi:schemaLocation="http://www.loc.gov/MARC21/slim
http://www.loc.gov/standards/marcxml/schema/MARC21slim.xsd">
  <leader>     cam  2200445Ii 4500</leader>
  <controlfield tag="001">032554866</controlfield>
  <datafield tag="245" ind1="0" ind2="0">
    <subfield code="a">Handbook of retinal OCT :</subfield>
    <subfield code="b">optical coherence tomography /</subfield>
    <subfield code="c">[edited by] Jay S. Duker, Nadia K. Waheed and Darin R. Goldman.</subfield>
  </datafield>
  <datafield tag="500" ind1=" " ind2=" ">
    <subfield code="a">Includes index.</subfield>
  </datafield>
</record>