

<record xmlns="http://www.loc.gov/MARC21/slim"
xmlns:xsi="http://www.w3.org/2001/XMLSchema-instance"
xsi:schemaLocation="http://www.loc.gov/MARC21/slim
http://www.loc.gov/standards/marcxml/schema/MARC21slim.xsd">
  <leader>     cam  2200505Ii 4500</leader>
  <controlfield tag="001">032552168</controlfield>
  <datafield tag="245" ind1="0" ind2="4">
    <subfield code="a">The American Psychiatric Publishing textbook of psychiatry /</subfield>
    <subfield code="c">edited by Robert E. Hales, M.D., M.B.A., Stuart C. Yudofsky, M.D., Laura Weiss Roberts, M.D., M.A.</subfield>
  </datafield>
</record>