

<record xmlns="http://www.loc.gov/MARC21/slim"
xmlns:xsi="http://www.w3.org/2001/XMLSchema-instance"
xsi:schemaLocation="http://www.loc.gov/MARC21/slim
http://www.loc.gov/standards/marcxml/schema/MARC21slim.xsd">
  <leader>     cam  2200565Ka 4500</leader>
  <controlfield tag="001">032538402</controlfield>
  <datafield tag="245" ind1="0" ind2="0">
    <subfield code="a">Coronary stenting</subfield>
    <subfield code="h">[electronic resource] :</subfield>
    <subfield code="b">a companion to Topol&apos;s Textbook of interventional cardiology /</subfield>
    <subfield code="c">[edited by] Matthew J. Price.</subfield>
  </datafield>
  <datafield tag="500" ind1=" " ind2=" ">
    <subfield code="a">Companion to: Textbook of interventional cardiology / edited by Eric J. Topol, Paul S. Teirstein. 6th ed. c2012.</subfield>
  </datafield>
</record>