

<record xmlns="http://www.loc.gov/MARC21/slim"
xmlns:xsi="http://www.w3.org/2001/XMLSchema-instance"
xsi:schemaLocation="http://www.loc.gov/MARC21/slim
http://www.loc.gov/standards/marcxml/schema/MARC21slim.xsd">
  <leader>     cam  2200433Ki 4500</leader>
  <controlfield tag="001">032538216</controlfield>
  <datafield tag="245" ind1="0" ind2="0">
    <subfield code="a">Cases in cardiac resynchronization therapy /</subfield>
    <subfield code="c">[edited by] Cheuk-Man Yu, David L. Hayes, Angelo Auricchio.</subfield>
  </datafield>
</record>