

<record xmlns="http://www.loc.gov/MARC21/slim"
xmlns:xsi="http://www.w3.org/2001/XMLSchema-instance"
xsi:schemaLocation="http://www.loc.gov/MARC21/slim
http://www.loc.gov/standards/marcxml/schema/MARC21slim.xsd">
  <leader>     cam  2200469Ii 4500</leader>
  <controlfield tag="001">032536161</controlfield>
  <datafield tag="245" ind1="0" ind2="0">
    <subfield code="a">Ashcraft&apos;s Pediatric Surgery /</subfield>
    <subfield code="c">[edited by] George W. Holcomb III, J. Patrick Murphy and Daniel J. Ostlie.</subfield>
  </datafield>
</record>