

<record xmlns="http://www.loc.gov/MARC21/slim"
xmlns:xsi="http://www.w3.org/2001/XMLSchema-instance"
xsi:schemaLocation="http://www.loc.gov/MARC21/slim
http://www.loc.gov/standards/marcxml/schema/MARC21slim.xsd">
  <leader>02172cam  2200373Ki 4500</leader>
  <controlfield tag="001">032527130</controlfield>
  <datafield tag="245" ind1="0" ind2="0">
    <subfield code="a">Ham&apos;s primary care geriatrics :</subfield>
    <subfield code="b">a case-based approach /</subfield>
    <subfield code="c">Richard J. Ham...[and more].</subfield>
  </datafield>
</record>