

<record xmlns="http://www.loc.gov/MARC21/slim"
xmlns:xsi="http://www.w3.org/2001/XMLSchema-instance"
xsi:schemaLocation="http://www.loc.gov/MARC21/slim
http://www.loc.gov/standards/marcxml/schema/MARC21slim.xsd">
  <leader>02575cam  2200481Ki 4500</leader>
  <controlfield tag="001">032527129</controlfield>
  <datafield tag="245" ind1="0" ind2="0">
    <subfield code="a">Tachdjian&apos;s pediatric orthopaedics :</subfield>
    <subfield code="b">from the Texas Scottish Rite Hospital for Children /</subfield>
    <subfield code="c">[edited by] John A. Herring.</subfield>
  </datafield>
</record>