

<record xmlns="http://www.loc.gov/MARC21/slim"
xmlns:xsi="http://www.w3.org/2001/XMLSchema-instance"
xsi:schemaLocation="http://www.loc.gov/MARC21/slim
http://www.loc.gov/standards/marcxml/schema/MARC21slim.xsd">
  <leader>03462cam  22004818a 4500</leader>
  <controlfield tag="001">032527113</controlfield>
  <datafield tag="245" ind1="0" ind2="0">
    <subfield code="a">Chapman and Nakielny&apos;s guide to radiological procedures</subfield>
    <subfield code="h">[electronic resource].</subfield>
  </datafield>
  <datafield tag="500" ind1=" " ind2=" ">
    <subfield code="a">Rev. ed. of: Chapman &amp; Nakielny a guide to radiological procedures / edited by Frances Aitchison. 5th ed. 2009.</subfield>
  </datafield>
</record>