

<record xmlns="http://www.loc.gov/MARC21/slim"
xmlns:xsi="http://www.w3.org/2001/XMLSchema-instance"
xsi:schemaLocation="http://www.loc.gov/MARC21/slim
http://www.loc.gov/standards/marcxml/schema/MARC21slim.xsd">
  <leader>02543cam  2200673Ii 4500</leader>
  <controlfield tag="001">032527104</controlfield>
  <datafield tag="245" ind1="0" ind2="4">
    <subfield code="a">The intensive care unit manual /</subfield>
    <subfield code="c">[edited by] Paul N. Lanken, Scott Manaker, Benjamin A. Kohl, C. William Hanson III.</subfield>
  </datafield>
  <datafield tag="500" ind1=" " ind2=" ">
    <subfield code="a">Includes index.</subfield>
  </datafield>
</record>