

<record xmlns="http://www.loc.gov/MARC21/slim"
xmlns:xsi="http://www.w3.org/2001/XMLSchema-instance"
xsi:schemaLocation="http://www.loc.gov/MARC21/slim
http://www.loc.gov/standards/marcxml/schema/MARC21slim.xsd">
  <leader>02210cam  2200529Ii 4500</leader>
  <controlfield tag="001">032527090</controlfield>
  <datafield tag="245" ind1="0" ind2="0">
    <subfield code="a">Contemporary oral and maxillofacial surgery /</subfield>
    <subfield code="c">edited by James R. Hupp, Myron R. Tucker and Edward Ellis.</subfield>
  </datafield>
  <datafield tag="500" ind1=" " ind2=" ">
    <subfield code="a">Previous edition: 2008.</subfield>
  </datafield>
</record>