

<record xmlns="http://www.loc.gov/MARC21/slim"
xmlns:xsi="http://www.w3.org/2001/XMLSchema-instance"
xsi:schemaLocation="http://www.loc.gov/MARC21/slim
http://www.loc.gov/standards/marcxml/schema/MARC21slim.xsd">
  <leader>02671cam  2200589Ia 4500</leader>
  <controlfield tag="001">032526999</controlfield>
  <datafield tag="245" ind1="0" ind2="0">
    <subfield code="a">Perioperative transesophageal echocardiography</subfield>
    <subfield code="h">[electronic resource] :</subfield>
    <subfield code="b">a companion to Kaplan&apos;s cardiac anesthesia /</subfield>
    <subfield code="c">David L. Reich, Gregory W. Fischer.</subfield>
  </datafield>
  <datafield tag="500" ind1=" " ind2=" ">
    <subfield code="a">Complemented by: Kaplan&apos;s cardiac anesthesia / editor, Joel A. Kaplan. 6th ed. c2011.</subfield>
  </datafield>
</record>