

<record xmlns="http://www.loc.gov/MARC21/slim"
xmlns:xsi="http://www.w3.org/2001/XMLSchema-instance"
xsi:schemaLocation="http://www.loc.gov/MARC21/slim
http://www.loc.gov/standards/marcxml/schema/MARC21slim.xsd">
  <leader>05679cam  2200661Ii 4500</leader>
  <controlfield tag="001">032526993</controlfield>
  <datafield tag="245" ind1="0" ind2="0">
    <subfield code="a">Image-guided interventions /</subfield>
    <subfield code="c">Matthew A. Mauro, Kieran P. J. Murphy, Kenneth R. Thomson, Anthony C. Venbrux, Robert A. Morgan.</subfield>
  </datafield>
</record>