

<record xmlns="http://www.loc.gov/MARC21/slim"
xmlns:xsi="http://www.w3.org/2001/XMLSchema-instance"
xsi:schemaLocation="http://www.loc.gov/MARC21/slim
http://www.loc.gov/standards/marcxml/schema/MARC21slim.xsd">
  <leader>03495cam  2200517 a 4500</leader>
  <controlfield tag="001">032526988</controlfield>
  <datafield tag="245" ind1="0" ind2="0">
    <subfield code="a">Vascular and endovascular surgery</subfield>
    <subfield code="h">[electronic resource] /</subfield>
    <subfield code="c">edited by Jonathan D. Beard, Ian Loftus, Peter A. Gaines.</subfield>
  </datafield>
</record>