

<record xmlns="http://www.loc.gov/MARC21/slim"
xmlns:xsi="http://www.w3.org/2001/XMLSchema-instance"
xsi:schemaLocation="http://www.loc.gov/MARC21/slim
http://www.loc.gov/standards/marcxml/schema/MARC21slim.xsd">
  <leader>     cam  2200505Ki 4500</leader>
  <controlfield tag="001">032526957</controlfield>
  <datafield tag="245" ind1="0" ind2="0">
    <subfield code="a">Pathology of the female reproductive tract.</subfield>
  </datafield>
  <datafield tag="500" ind1=" " ind2=" ">
    <subfield code="a">Previous edition: published as Robboy&apos;s pathology of the female reproductive tract. 2009.</subfield>
  </datafield>
  <datafield tag="500" ind1=" " ind2=" ">
    <subfield code="a">Includes Internet access.</subfield>
  </datafield>
  <datafield tag="500" ind1=" " ind2=" ">
    <subfield code="a">Rev. ed. of: Pathology of the female reproductive tract. 2002.</subfield>
  </datafield>
</record>