

<record xmlns="http://www.loc.gov/MARC21/slim"
xmlns:xsi="http://www.w3.org/2001/XMLSchema-instance"
xsi:schemaLocation="http://www.loc.gov/MARC21/slim
http://www.loc.gov/standards/marcxml/schema/MARC21slim.xsd">
  <leader>     cam  2200481Ki 4500</leader>
  <controlfield tag="001">032526540</controlfield>
  <datafield tag="245" ind1="0" ind2="0">
    <subfield code="a">Rutherford&apos;s vascular surgery /</subfield>
    <subfield code="c">[edited by] Jack L. Cronenwett, K. Wayne Johnston.</subfield>
  </datafield>
  <datafield tag="500" ind1=" " ind2=" ">
    <subfield code="a">Rev. ed. of: Vascular surgery / [edited by] Robert B. Rutherford. 7th edition, c2010.</subfield>
  </datafield>
  <datafield tag="500" ind1=" " ind2=" ">
    <subfield code="a">Rev. ed. of: Vascular surgery / [edited by] Robert B. Rutherford. 6th ed. c2005.</subfield>
  </datafield>
</record>