

<record xmlns="http://www.loc.gov/MARC21/slim"
xmlns:xsi="http://www.w3.org/2001/XMLSchema-instance"
xsi:schemaLocation="http://www.loc.gov/MARC21/slim
http://www.loc.gov/standards/marcxml/schema/MARC21slim.xsd">
  <leader>     cam  2200445Ki 4500</leader>
  <controlfield tag="001">032526459</controlfield>
  <datafield tag="245" ind1="0" ind2="0">
    <subfield code="a">Local flaps in facial reconstruction /</subfield>
    <subfield code="c">[edited by] Shan R. Baker.</subfield>
  </datafield>
</record>