

<record xmlns="http://www.loc.gov/MARC21/slim"
xmlns:xsi="http://www.w3.org/2001/XMLSchema-instance"
xsi:schemaLocation="http://www.loc.gov/MARC21/slim
http://www.loc.gov/standards/marcxml/schema/MARC21slim.xsd">
  <leader>     cam  2200589Ka 4500</leader>
  <controlfield tag="001">032493550</controlfield>
  <datafield tag="245" ind1="0" ind2="0">
    <subfield code="a">National Kidney Foundation&apos;s primer on kidney diseases</subfield>
    <subfield code="h">[electronic resource] /</subfield>
    <subfield code="c">[edited by] Scott J. Gilbert, Daniel E. Weiner ; associate editors, Debbie S. Gipson, Mark A. Perazella, Marcello Tonelli.</subfield>
  </datafield>
  <datafield tag="500" ind1=" " ind2=" ">
    <subfield code="a">Preceded by (work): Primer on kidney diseases. 5th ed. c2009.</subfield>
  </datafield>
</record>