

<record xmlns="http://www.loc.gov/MARC21/slim"
xmlns:xsi="http://www.w3.org/2001/XMLSchema-instance"
xsi:schemaLocation="http://www.loc.gov/MARC21/slim
http://www.loc.gov/standards/marcxml/schema/MARC21slim.xsd">
  <leader>     nam  2200361Ii 4500</leader>
  <controlfield tag="001">032395580</controlfield>
  <datafield tag="245" ind1="0" ind2="0">
    <subfield code="a">Current diagnosis &amp; treatment in orthopedics /</subfield>
    <subfield code="c">Harry B. Skinner, Patrick J. McMahon.</subfield>
  </datafield>
  <datafield tag="500" ind1=" " ind2=" ">
    <subfield code="a">Title from title screen (viewed January 20, 2014).</subfield>
  </datafield>
</record>