

<record xmlns="http://www.loc.gov/MARC21/slim"
xmlns:xsi="http://www.w3.org/2001/XMLSchema-instance"
xsi:schemaLocation="http://www.loc.gov/MARC21/slim
http://www.loc.gov/standards/marcxml/schema/MARC21slim.xsd">
  <leader>     cam  2200445Mi 4500</leader>
  <controlfield tag="001">032389020</controlfield>
  <datafield tag="245" ind1="0" ind2="0">
    <subfield code="a">Understanding global health /</subfield>
    <subfield code="c">edited by William H. Markle, Melanie A. Fisher, Raymond A. Smego, Jr.</subfield>
  </datafield>
  <datafield tag="500" ind1=" " ind2=" ">
    <subfield code="a">&quot;A Lange medical book.&quot;</subfield>
  </datafield>
</record>