

<record xmlns="http://www.loc.gov/MARC21/slim"
xmlns:xsi="http://www.w3.org/2001/XMLSchema-instance"
xsi:schemaLocation="http://www.loc.gov/MARC21/slim
http://www.loc.gov/standards/marcxml/schema/MARC21slim.xsd">
  <leader>     cam  2200577Ka 4500</leader>
  <controlfield tag="001">032308212</controlfield>
  <datafield tag="245" ind1="0" ind2="0">
    <subfield code="a">Jekel&apos;s epidemiology, biostatistics, preventive medicine, and public health</subfield>
    <subfield code="h">[electronic resource] /</subfield>
    <subfield code="c">by David L. Katz ... [et al.].</subfield>
  </datafield>
  <datafield tag="500" ind1=" " ind2=" ">
    <subfield code="a">Formal title: epidemiology, biostatistics, preventive medicine.</subfield>
  </datafield>
  <datafield tag="500" ind1=" " ind2=" ">
    <subfield code="a">Includes Internet access.</subfield>
  </datafield>
</record>