

<record xmlns="http://www.loc.gov/MARC21/slim"
xmlns:xsi="http://www.w3.org/2001/XMLSchema-instance"
xsi:schemaLocation="http://www.loc.gov/MARC21/slim
http://www.loc.gov/standards/marcxml/schema/MARC21slim.xsd">
  <leader>02825cam  2200529Ii 4500</leader>
  <controlfield tag="001">032173088</controlfield>
  <datafield tag="245" ind1="0" ind2="0">
    <subfield code="a">Mann&apos;s surgery of the foot and ankle /</subfield>
    <subfield code="c">[edited by] Michael J. Coughlin, Charles Saltzman, Robert B. Anderson.</subfield>
  </datafield>
  <datafield tag="500" ind1=" " ind2=" ">
    <subfield code="a">Preceded by Surgery of the foot and ankle / edited by Michael J. Coughlin, Roger A. Mann, Charles L. Salzmann. 8th ed. c2007.</subfield>
  </datafield>
</record>