

<record xmlns="http://www.loc.gov/MARC21/slim"
xmlns:xsi="http://www.w3.org/2001/XMLSchema-instance"
xsi:schemaLocation="http://www.loc.gov/MARC21/slim
http://www.loc.gov/standards/marcxml/schema/MARC21slim.xsd">
  <leader>     cam  2200541Ki 4500</leader>
  <controlfield tag="001">032168835</controlfield>
  <datafield tag="245" ind1="0" ind2="0">
    <subfield code="a">Creasy and Resnik&apos;s maternal-fetal medicine</subfield>
    <subfield code="h">[electronic resource] :</subfield>
    <subfield code="b">principles and practice /</subfield>
    <subfield code="c">editors, Robert K. Creasy, Robert Resnik, Michael F. Greene, Jay D. Iams, Charles J. Lockwood, Thomas R. Moore.</subfield>
  </datafield>
  <datafield tag="500" ind1=" " ind2=" ">
    <subfield code="a">Preceded by: Creasy &amp; Resnik&apos;s maternal-fetal medicine : principles and practice / editors, Robert K. Creasy, Robert Resnik, Jay D. Iams ; associate editors, Charles J. Lockwood, Thomas R. Moore. 6th ed. c2009.</subfield>
  </datafield>
</record>