

<record xmlns="http://www.loc.gov/MARC21/slim"
xmlns:xsi="http://www.w3.org/2001/XMLSchema-instance"
xsi:schemaLocation="http://www.loc.gov/MARC21/slim
http://www.loc.gov/standards/marcxml/schema/MARC21slim.xsd">
  <leader>     nam  2200493Ii 4500</leader>
  <controlfield tag="001">032004519</controlfield>
  <datafield tag="245" ind1="0" ind2="0">
    <subfield code="a">Bailey&apos;s head and neck surgery--otolaryngology /</subfield>
    <subfield code="c">[edited by] Jonas T. Johnson, MD, Clark A. Rosen, MD ; illustrations by Victoria J. Forber, Anthony Pazos, and Christine Gralapp.</subfield>
  </datafield>
  <datafield tag="500" ind1=" " ind2=" ">
    <subfield code="a">Rev. ed. of: Head &amp; neck surgery--otolaryngology / [edited by] Byron J. Bailey. 4th ed. c2006.</subfield>
  </datafield>
</record>