

<record xmlns="http://www.loc.gov/MARC21/slim"
xmlns:xsi="http://www.w3.org/2001/XMLSchema-instance"
xsi:schemaLocation="http://www.loc.gov/MARC21/slim
http://www.loc.gov/standards/marcxml/schema/MARC21slim.xsd">
  <leader>     cam  2200541Ii 4500</leader>
  <controlfield tag="001">031853518</controlfield>
  <datafield tag="245" ind1="0" ind2="0">
    <subfield code="a">Rosen&apos;s emergency medicine</subfield>
    <subfield code="h">[electronic resource] :</subfield>
    <subfield code="b">concepts and clinical practice /</subfield>
    <subfield code="c">editor-in-chief, John A. Marx, MD ; senior editors, Robert S. Hockberger, MD, Ron M. Walls, MD ; editors, Michelle H. Biros, MD, Daniel F. Danzl, MD, Marianne Gausche-Hill, MD, Andy Jagoda, MD, FACEP, Louis J. Ling, MD, Brian J. Zink, MD.</subfield>
  </datafield>
</record>