

<record xmlns="http://www.loc.gov/MARC21/slim"
xmlns:xsi="http://www.w3.org/2001/XMLSchema-instance"
xsi:schemaLocation="http://www.loc.gov/MARC21/slim
http://www.loc.gov/standards/marcxml/schema/MARC21slim.xsd">
  <leader>     cam  2200481Ki 4500</leader>
  <controlfield tag="001">021246241</controlfield>
  <datafield tag="245" ind1="0" ind2="0">
    <subfield code="a">Chestnut&apos;s obstetric anesthesia :</subfield>
    <subfield code="b">principles and practice /</subfield>
    <subfield code="c">[edited by] David H. Chestnut [and 5 others] ; Naveen Nathan, graphic editor.</subfield>
  </datafield>
  <datafield tag="500" ind1=" " ind2=" ">
    <subfield code="a">&quot;Expert consult&quot;--Cover.</subfield>
    <subfield code="5">FMFIU</subfield>
  </datafield>
  <datafield tag="500" ind1=" " ind2=" ">
    <subfield code="a">Rev. ed. of: Obstetric anesthesia. 3rd ed. 2004.</subfield>
    <subfield code="5">FMFIU</subfield>
  </datafield>
</record>