

<record xmlns="http://www.loc.gov/MARC21/slim"
xmlns:xsi="http://www.w3.org/2001/XMLSchema-instance"
xsi:schemaLocation="http://www.loc.gov/MARC21/slim
http://www.loc.gov/standards/marcxml/schema/MARC21slim.xsd">
  <leader>02118cam  2200433Ka 4500</leader>
  <controlfield tag="001">032527080</controlfield>
  <datafield tag="245" ind1="1" ind2="0">
    <subfield code="a">Essentials of anaesthetic equipment</subfield>
    <subfield code="h">[electronic resource] /</subfield>
    <subfield code="c">Baha Al-Shaikh, Simon Stacey.</subfield>
  </datafield>
</record>