

<record xmlns="http://www.loc.gov/MARC21/slim"
xmlns:xsi="http://www.w3.org/2001/XMLSchema-instance"
xsi:schemaLocation="http://www.loc.gov/MARC21/slim
http://www.loc.gov/standards/marcxml/schema/MARC21slim.xsd">
  <leader>04158cam  2200541Ki 4500</leader>
  <controlfield tag="001">032527124</controlfield>
  <datafield tag="245" ind1="1" ind2="0">
    <subfield code="a">Phillips&apos; science of dental materials /</subfield>
    <subfield code="c">Kenneth J. Anusavice, Chiayi Shen, H. Ralph Rawls.</subfield>
  </datafield>
  <datafield tag="500" ind1=" " ind2=" ">
    <subfield code="a">Rev. ed. of: Phillips&apos; science of dental materials / [edited by] Kenneth J. Anusavice. 11th ed. c2003.</subfield>
  </datafield>
</record>