

<record xmlns="http://www.loc.gov/MARC21/slim"
xmlns:xsi="http://www.w3.org/2001/XMLSchema-instance"
xsi:schemaLocation="http://www.loc.gov/MARC21/slim
http://www.loc.gov/standards/marcxml/schema/MARC21slim.xsd">
  <leader>     cam  2200505Ki 4500</leader>
  <controlfield tag="001">032563445</controlfield>
  <datafield tag="245" ind1="1" ind2="0">
    <subfield code="a">Sobotta atlas of human anatomy.</subfield>
    <subfield code="n">Volume 3,</subfield>
    <subfield code="p">Head, neck and neuroanatomy.</subfield>
  </datafield>
</record>