

<record xmlns="http://www.loc.gov/MARC21/slim"
xmlns:xsi="http://www.w3.org/2001/XMLSchema-instance"
xsi:schemaLocation="http://www.loc.gov/MARC21/slim
http://www.loc.gov/standards/marcxml/schema/MARC21slim.xsd">
  <leader>     nam  2200397Ii 4500</leader>
  <controlfield tag="001">033917776</controlfield>
  <datafield tag="245" ind1="1" ind2="0">
    <subfield code="a">Boards and wards for USMLE steps 2 &amp; 3 /</subfield>
    <subfield code="c">Carlos Ayala, Brad Spellberg.</subfield>
  </datafield>
  <datafield tag="500" ind1=" " ind2=" ">
    <subfield code="a">Revised edition of: Boards and wards / Carlos Ayala, Brad Spellberg. 4th ed. 2009.</subfield>
  </datafield>
</record>