

<record xmlns="http://www.loc.gov/MARC21/slim"
xmlns:xsi="http://www.w3.org/2001/XMLSchema-instance"
xsi:schemaLocation="http://www.loc.gov/MARC21/slim
http://www.loc.gov/standards/marcxml/schema/MARC21slim.xsd">
  <leader>02198cam  2200385Ki 4500</leader>
  <controlfield tag="001">032527140</controlfield>
  <datafield tag="245" ind1="1" ind2="0">
    <subfield code="a">Oh&apos;s intensive care manual /</subfield>
    <subfield code="c">Andrew Bersten, Neil Soni.</subfield>
  </datafield>
</record>