

<record xmlns="http://www.loc.gov/MARC21/slim"
xmlns:xsi="http://www.w3.org/2001/XMLSchema-instance"
xsi:schemaLocation="http://www.loc.gov/MARC21/slim
http://www.loc.gov/standards/marcxml/schema/MARC21slim.xsd">
  <leader>03476cam  2200697Ii 4500</leader>
  <controlfield tag="001">032527123</controlfield>
  <datafield tag="245" ind1="1" ind2="0">
    <subfield code="a">Gastrointestinal imaging :</subfield>
    <subfield code="b">the requisites /</subfield>
    <subfield code="c">Giles W. L. Boland.</subfield>
  </datafield>
  <datafield tag="500" ind1=" " ind2=" ">
    <subfield code="a">Preceded by: Gastrointestinal imaging / Robert D. Halpert. 3rd ed. c2006.</subfield>
  </datafield>
</record>