

<record xmlns="http://www.loc.gov/MARC21/slim"
xmlns:xsi="http://www.w3.org/2001/XMLSchema-instance"
xsi:schemaLocation="http://www.loc.gov/MARC21/slim
http://www.loc.gov/standards/marcxml/schema/MARC21slim.xsd">
  <leader>03024cam  2200565Ia 4500</leader>
  <controlfield tag="001">032526929</controlfield>
  <datafield tag="245" ind1="1" ind2="0">
    <subfield code="a">Pharmacology</subfield>
    <subfield code="h">[electronic resource] /</subfield>
    <subfield code="c">George M. Brenner, Craig W. Stevens.</subfield>
  </datafield>
  <datafield tag="500" ind1=" " ind2=" ">
    <subfield code="a">Includes bibliographical references and index.</subfield>
  </datafield>
</record>