

<record xmlns="http://www.loc.gov/MARC21/slim"
xmlns:xsi="http://www.w3.org/2001/XMLSchema-instance"
xsi:schemaLocation="http://www.loc.gov/MARC21/slim
http://www.loc.gov/standards/marcxml/schema/MARC21slim.xsd">
  <leader>     cam  2200481Ii 4500</leader>
  <controlfield tag="001">031767165</controlfield>
  <datafield tag="245" ind1="1" ind2="0">
    <subfield code="a">Morgan and Mikhail&apos;s clinical anesthesiology.</subfield>
  </datafield>
  <datafield tag="500" ind1=" " ind2=" ">
    <subfield code="a">Previous edition: published as Clinical anesthesiology by G. Edward Morgan. New York: Lange Medical Books/McGraw Hill, 2005.</subfield>
  </datafield>
</record>