

<record xmlns="http://www.loc.gov/MARC21/slim"
xmlns:xsi="http://www.w3.org/2001/XMLSchema-instance"
xsi:schemaLocation="http://www.loc.gov/MARC21/slim
http://www.loc.gov/standards/marcxml/schema/MARC21slim.xsd">
  <leader>     nam  2200493Ii 4500</leader>
  <controlfield tag="001">033929443</controlfield>
  <datafield tag="245" ind1="1" ind2="0">
    <subfield code="a">Blueprints obstetrics &amp; gynecology /</subfield>
    <subfield code="c">Tamara Callahan, Aaron B. Caughey.</subfield>
  </datafield>
</record>