

<record xmlns="http://www.loc.gov/MARC21/slim"
xmlns:xsi="http://www.w3.org/2001/XMLSchema-instance"
xsi:schemaLocation="http://www.loc.gov/MARC21/slim
http://www.loc.gov/standards/marcxml/schema/MARC21slim.xsd">
  <leader>03514cam  2200613Ia 4500</leader>
  <controlfield tag="001">032527038</controlfield>
  <datafield tag="245" ind1="1" ind2="0">
    <subfield code="a">Molecular biology</subfield>
    <subfield code="h">[electronic resource] /</subfield>
    <subfield code="c">David P. Clark, Nanette J. Pazdernik.</subfield>
  </datafield>
  <datafield tag="500" ind1=" " ind2=" ">
    <subfield code="a">9.3. Protein Structure is Elucidated by X-Ray Crystallography.</subfield>
  </datafield>
</record>