

<record xmlns="http://www.loc.gov/MARC21/slim"
xmlns:xsi="http://www.w3.org/2001/XMLSchema-instance"
xsi:schemaLocation="http://www.loc.gov/MARC21/slim
http://www.loc.gov/standards/marcxml/schema/MARC21slim.xsd">
  <leader>02473cam  2200469Ki 4500</leader>
  <controlfield tag="001">032527134</controlfield>
  <datafield tag="245" ind1="1" ind2="0">
    <subfield code="a">Atlas of gynecologic surgical pathology /</subfield>
    <subfield code="c">Philip B. Clement, Robert H. Young.</subfield>
  </datafield>
  <datafield tag="500" ind1=" " ind2=" ">
    <subfield code="a">Previous edition: Edinburgh: Elsevier Saunders, 2008.</subfield>
  </datafield>
  <datafield tag="500" ind1=" " ind2=" ">
    <subfield code="a">Includes index.</subfield>
  </datafield>
</record>