

<record xmlns="http://www.loc.gov/MARC21/slim"
xmlns:xsi="http://www.w3.org/2001/XMLSchema-instance"
xsi:schemaLocation="http://www.loc.gov/MARC21/slim
http://www.loc.gov/standards/marcxml/schema/MARC21slim.xsd">
  <leader>01535cam  2200457Ii 4500</leader>
  <controlfield tag="001">032526995</controlfield>
  <datafield tag="245" ind1="1" ind2="0">
    <subfield code="a">Pediatric dermatology /</subfield>
    <subfield code="c">[edited by] Bernard A. Cohen.</subfield>
  </datafield>
  <datafield tag="500" ind1=" " ind2=" ">
    <subfield code="a">Expert consult</subfield>
  </datafield>
</record>