

<record xmlns="http://www.loc.gov/MARC21/slim"
xmlns:xsi="http://www.w3.org/2001/XMLSchema-instance"
xsi:schemaLocation="http://www.loc.gov/MARC21/slim
http://www.loc.gov/standards/marcxml/schema/MARC21slim.xsd">
  <leader>01894cam  2200505Ia 4500</leader>
  <controlfield tag="001">032527072</controlfield>
  <datafield tag="245" ind1="1" ind2="0">
    <subfield code="a">Essential clinical procedures</subfield>
    <subfield code="h">[electronic resource] /</subfield>
    <subfield code="c">Richard W. Dehn, David P. Asprey.</subfield>
  </datafield>
  <datafield tag="500" ind1=" " ind2=" ">
    <subfield code="a">Previous ed.: 2007.</subfield>
  </datafield>
</record>