

<record xmlns="http://www.loc.gov/MARC21/slim"
xmlns:xsi="http://www.w3.org/2001/XMLSchema-instance"
xsi:schemaLocation="http://www.loc.gov/MARC21/slim
http://www.loc.gov/standards/marcxml/schema/MARC21slim.xsd">
  <leader>05311cam  2200457Ii 4500</leader>
  <controlfield tag="001">032527121</controlfield>
  <datafield tag="245" ind1="1" ind2="0">
    <subfield code="a">Diagnostic immunohistochemistry :</subfield>
    <subfield code="b">theranostic and genomic applications /</subfield>
    <subfield code="c">David J. Dabbs, editor.</subfield>
  </datafield>
</record>