

<record xmlns="http://www.loc.gov/MARC21/slim"
xmlns:xsi="http://www.w3.org/2001/XMLSchema-instance"
xsi:schemaLocation="http://www.loc.gov/MARC21/slim
http://www.loc.gov/standards/marcxml/schema/MARC21slim.xsd">
  <leader>02234cam  2200589Ka 4500</leader>
  <controlfield tag="001">032527067</controlfield>
  <datafield tag="245" ind1="1" ind2="0">
    <subfield code="a">Muscle biopsy</subfield>
    <subfield code="h">[electronic resource] :</subfield>
    <subfield code="b">a practical approach /</subfield>
    <subfield code="c">Victor Dubowitz, Caroline A. Sewry, Anders Oldfors ; with contribution on toxic and drug-induced myopathies by Russell Lane.</subfield>
  </datafield>
  <datafield tag="500" ind1=" " ind2=" ">
    <subfield code="a">Previous ed.: 2007.</subfield>
  </datafield>
</record>