

<record xmlns="http://www.loc.gov/MARC21/slim"
xmlns:xsi="http://www.w3.org/2001/XMLSchema-instance"
xsi:schemaLocation="http://www.loc.gov/MARC21/slim
http://www.loc.gov/standards/marcxml/schema/MARC21slim.xsd">
  <leader>     cam  2200397Ii 4500</leader>
  <controlfield tag="001">031828344</controlfield>
  <datafield tag="245" ind1="1" ind2="0">
    <subfield code="a">Vander&apos;s renal physiology</subfield>
    <subfield code="h">[electronic resource] /</subfield>
    <subfield code="c">Douglas C. Eaton, John P. Pooler.</subfield>
  </datafield>
  <datafield tag="500" ind1=" " ind2=" ">
    <subfield code="a">&quot;A Lange medical book.&quot;</subfield>
  </datafield>
</record>