

<record xmlns="http://www.loc.gov/MARC21/slim"
xmlns:xsi="http://www.w3.org/2001/XMLSchema-instance"
xsi:schemaLocation="http://www.loc.gov/MARC21/slim
http://www.loc.gov/standards/marcxml/schema/MARC21slim.xsd">
  <leader>02206cam  2200529Ka 4500</leader>
  <controlfield tag="001">032527071</controlfield>
  <datafield tag="245" ind1="1" ind2="0">
    <subfield code="a">Anesthesia equipment</subfield>
    <subfield code="h">[electronic resource] :</subfield>
    <subfield code="b">principles and applications /</subfield>
    <subfield code="c">by Jan Ehrenwerth, James B. Eisenkraft, James M. Berry.</subfield>
  </datafield>
  <datafield tag="500" ind1=" " ind2=" ">
    <subfield code="a">Includes Internet access.</subfield>
  </datafield>
</record>