

<record xmlns="http://www.loc.gov/MARC21/slim"
xmlns:xsi="http://www.w3.org/2001/XMLSchema-instance"
xsi:schemaLocation="http://www.loc.gov/MARC21/slim
http://www.loc.gov/standards/marcxml/schema/MARC21slim.xsd">
  <leader>     cam  2200445Ka 4500</leader>
  <controlfield tag="001">031799096</controlfield>
  <datafield tag="245" ind1="1" ind2="0">
    <subfield code="a">Current practice guidelines in primary care 2013</subfield>
    <subfield code="h">[electronic resource] /</subfield>
    <subfield code="c">Joseph S. Esherick, Daniel S. Clark, Evan D. Slater.</subfield>
  </datafield>
  <datafield tag="500" ind1=" " ind2=" ">
    <subfield code="a">Title from title screen (viewed 4 April, 2013).</subfield>
  </datafield>
</record>