

<record xmlns="http://www.loc.gov/MARC21/slim"
xmlns:xsi="http://www.w3.org/2001/XMLSchema-instance"
xsi:schemaLocation="http://www.loc.gov/MARC21/slim
http://www.loc.gov/standards/marcxml/schema/MARC21slim.xsd">
  <leader>     nam  2200385Ia 4500</leader>
  <controlfield tag="001">030706153</controlfield>
  <datafield tag="245" ind1="1" ind2="0">
    <subfield code="a">Goldberger&apos;s clinical electrocardiography</subfield>
    <subfield code="h">[electronic resource] :</subfield>
    <subfield code="b">a simplified approach /</subfield>
    <subfield code="c">Ary L. Goldberger, Zachary D. Goldberger, Alexei Shvilkin.</subfield>
  </datafield>
</record>