

<record xmlns="http://www.loc.gov/MARC21/slim"
xmlns:xsi="http://www.w3.org/2001/XMLSchema-instance"
xsi:schemaLocation="http://www.loc.gov/MARC21/slim
http://www.loc.gov/standards/marcxml/schema/MARC21slim.xsd">
  <leader>02902cam  2200541Ia 4500</leader>
  <controlfield tag="001">032527089</controlfield>
  <datafield tag="245" ind1="1" ind2="0">
    <subfield code="a">Making the diagnosis</subfield>
    <subfield code="h">[electronic resource] :</subfield>
    <subfield code="b">a practical guide to breast imaging /</subfield>
    <subfield code="c">Jennifer A. Harvey, David E. March.</subfield>
  </datafield>
</record>