

<record xmlns="http://www.loc.gov/MARC21/slim"
xmlns:xsi="http://www.w3.org/2001/XMLSchema-instance"
xsi:schemaLocation="http://www.loc.gov/MARC21/slim
http://www.loc.gov/standards/marcxml/schema/MARC21slim.xsd">
  <leader>03272cam  2200481Ki 4500</leader>
  <controlfield tag="001">033017752</controlfield>
  <datafield tag="245" ind1="1" ind2="0">
    <subfield code="a">Australian pharmacy law and practice /</subfield>
    <subfield code="c">Laetitia Hattingh, John Low, Kim Forrester.</subfield>
  </datafield>
</record>