

<record xmlns="http://www.loc.gov/MARC21/slim"
xmlns:xsi="http://www.w3.org/2001/XMLSchema-instance"
xsi:schemaLocation="http://www.loc.gov/MARC21/slim
http://www.loc.gov/standards/marcxml/schema/MARC21slim.xsd">
  <leader>     cam  2200637Ki 4500</leader>
  <controlfield tag="001">032549979</controlfield>
  <datafield tag="245" ind1="1" ind2="0">
    <subfield code="a">Fundamentals of skeletal radiology /</subfield>
    <subfield code="c">Clyde A. Helms.</subfield>
  </datafield>
  <datafield tag="500" ind1=" " ind2=" ">
    <subfield code="a">Previous edition: 2005.</subfield>
  </datafield>
</record>