

<record xmlns="http://www.loc.gov/MARC21/slim"
xmlns:xsi="http://www.w3.org/2001/XMLSchema-instance"
xsi:schemaLocation="http://www.loc.gov/MARC21/slim
http://www.loc.gov/standards/marcxml/schema/MARC21slim.xsd">
  <leader>02468nam  22004451a 4500</leader>
  <controlfield tag="001">032474080</controlfield>
  <datafield tag="245" ind1="1" ind2="0">
    <subfield code="a">Biotechnology and biopharmaceuticals</subfield>
    <subfield code="h">[electronic resource] :</subfield>
    <subfield code="b">transforming proteins and genes into drugs /</subfield>
    <subfield code="c">Rodney J.Y. Ho, Milo Gibaldi.</subfield>
  </datafield>
  <datafield tag="500" ind1=" " ind2=" ">
    <subfield code="a">Description based on print version record.</subfield>
  </datafield>
</record>