

<record xmlns="http://www.loc.gov/MARC21/slim"
xmlns:xsi="http://www.w3.org/2001/XMLSchema-instance"
xsi:schemaLocation="http://www.loc.gov/MARC21/slim
http://www.loc.gov/standards/marcxml/schema/MARC21slim.xsd">
  <leader>     cam  22005058i 4500</leader>
  <controlfield tag="001">032551982</controlfield>
  <datafield tag="245" ind1="1" ind2="0">
    <subfield code="a">Haematology :</subfield>
    <subfield code="b">an illustrated colour text /</subfield>
    <subfield code="c">Martin R. Howard, Peter J. Hamilton ; illustrated by Robert Britton.</subfield>
  </datafield>
  <datafield tag="500" ind1=" " ind2=" ">
    <subfield code="a">Includes index.</subfield>
  </datafield>
</record>