

<record xmlns="http://www.loc.gov/MARC21/slim"
xmlns:xsi="http://www.w3.org/2001/XMLSchema-instance"
xsi:schemaLocation="http://www.loc.gov/MARC21/slim
http://www.loc.gov/standards/marcxml/schema/MARC21slim.xsd">
  <leader>01903cam  2200505Ia 4500</leader>
  <controlfield tag="001">031455228</controlfield>
  <datafield tag="245" ind1="1" ind2="4">
    <subfield code="a">The Netter collection of medical illustrations.</subfield>
    <subfield code="n">Volume 6,</subfield>
    <subfield code="n">Part II.</subfield>
    <subfield code="p">Spine and lower limb</subfield>
    <subfield code="h">[electronic resource] /</subfield>
    <subfield code="c">by Joseph P. Ianotti, Richard Parker.</subfield>
  </datafield>
</record>