

<record xmlns="http://www.loc.gov/MARC21/slim"
xmlns:xsi="http://www.w3.org/2001/XMLSchema-instance"
xsi:schemaLocation="http://www.loc.gov/MARC21/slim
http://www.loc.gov/standards/marcxml/schema/MARC21slim.xsd">
  <leader>02154cam  2200457 i 4500</leader>
  <controlfield tag="001">032526996</controlfield>
  <datafield tag="245" ind1="1" ind2="0">
    <subfield code="a">Gastrointestinal physiology /</subfield>
    <subfield code="c">Leonard R. Johnson.</subfield>
  </datafield>
  <datafield tag="500" ind1=" " ind2=" ">
    <subfield code="a">Preceded by Gastrointestinal physiology / edited by Leonard R. Johnson. 7th ed. c2007.</subfield>
  </datafield>
</record>