

<record xmlns="http://www.loc.gov/MARC21/slim"
xmlns:xsi="http://www.w3.org/2001/XMLSchema-instance"
xsi:schemaLocation="http://www.loc.gov/MARC21/slim
http://www.loc.gov/standards/marcxml/schema/MARC21slim.xsd">
  <leader>     cam a2200649Ki 4500</leader>
  <controlfield tag="001">032527000</controlfield>
  <datafield tag="245" ind1="1" ind2="0">
    <subfield code="a">Smith&apos;s recognizable patterns of human malformation /</subfield>
    <subfield code="c">Kenneth Lyons Jones, Marilyn C. Jones, Miguel Del Campo.</subfield>
  </datafield>
</record>