

<record xmlns="http://www.loc.gov/MARC21/slim"
xmlns:xsi="http://www.w3.org/2001/XMLSchema-instance"
xsi:schemaLocation="http://www.loc.gov/MARC21/slim
http://www.loc.gov/standards/marcxml/schema/MARC21slim.xsd">
  <leader>03560cam  2200685Ia 4500</leader>
  <controlfield tag="001">032527063</controlfield>
  <datafield tag="245" ind1="1" ind2="0">
    <subfield code="a">Kaufman&apos;s Clinical neurology for psychiatrists</subfield>
    <subfield code="h">[electronic resource] /</subfield>
    <subfield code="c">David Myland Kaufman, M.D., Professor of Neurology and Psychiatry, Albert Einstein College of Medicine, Director of Neurology, Montefiore Medical Centre, Bronx, New York, U.S.A.</subfield>
  </datafield>
  <datafield tag="500" ind1=" " ind2=" ">
    <subfield code="a">Previous edition: 2006.</subfield>
  </datafield>
</record>