

<record xmlns="http://www.loc.gov/MARC21/slim"
xmlns:xsi="http://www.w3.org/2001/XMLSchema-instance"
xsi:schemaLocation="http://www.loc.gov/MARC21/slim
http://www.loc.gov/standards/marcxml/schema/MARC21slim.xsd">
  <leader>02125cam  2200565Ka 4500</leader>
  <controlfield tag="001">032526997</controlfield>
  <datafield tag="245" ind1="1" ind2="0">
    <subfield code="a">Vascular and interventional radiology</subfield>
    <subfield code="h">[electronic resource] :</subfield>
    <subfield code="b">the requisites /</subfield>
    <subfield code="c">John A. Kaufman, Prof Michael J. Lee.</subfield>
  </datafield>
</record>