

<record xmlns="http://www.loc.gov/MARC21/slim"
xmlns:xsi="http://www.w3.org/2001/XMLSchema-instance"
xsi:schemaLocation="http://www.loc.gov/MARC21/slim
http://www.loc.gov/standards/marcxml/schema/MARC21slim.xsd">
  <leader>02578cam  2200553Ia 4500</leader>
  <controlfield tag="001">032526872</controlfield>
  <datafield tag="245" ind1="1" ind2="0">
    <subfield code="a">Atlas of normal roentgen variants that may simulate disease</subfield>
    <subfield code="h">[electronic resource] /</subfield>
    <subfield code="c">Theodore E. Keats, Mark W. Anderson.</subfield>
  </datafield>
  <datafield tag="500" ind1=" " ind2=" ">
    <subfield code="a">Includes index.</subfield>
  </datafield>
</record>