

<record xmlns="http://www.loc.gov/MARC21/slim"
xmlns:xsi="http://www.w3.org/2001/XMLSchema-instance"
xsi:schemaLocation="http://www.loc.gov/MARC21/slim
http://www.loc.gov/standards/marcxml/schema/MARC21slim.xsd">
  <leader>02146cam  2200601Ii 4500</leader>
  <controlfield tag="001">032527106</controlfield>
  <datafield tag="245" ind1="1" ind2="0">
    <subfield code="a">Clinical interventional oncology /</subfield>
    <subfield code="c">Stephen T. Kee, Ravi Murthy, and David C. Madoff.</subfield>
  </datafield>
</record>