

<record xmlns="http://www.loc.gov/MARC21/slim"
xmlns:xsi="http://www.w3.org/2001/XMLSchema-instance"
xsi:schemaLocation="http://www.loc.gov/MARC21/slim
http://www.loc.gov/standards/marcxml/schema/MARC21slim.xsd">
  <leader>     cam  2200541Ma 4500</leader>
  <controlfield tag="001">032572024</controlfield>
  <datafield tag="245" ind1="1" ind2="0">
    <subfield code="a">Color atlas of biochemistry</subfield>
    <subfield code="h">[electronic resource] /</subfield>
    <subfield code="c">Jan Koolman, Klaus-Heinrich Roehm ; with 220 color plates prepared by Jürgen Wirth.</subfield>
  </datafield>
  <datafield tag="500" ind1=" " ind2=" ">
    <subfield code="a">Made available through: Thieme ElectronicBook Library.</subfield>
  </datafield>
</record>