

<record xmlns="http://www.loc.gov/MARC21/slim"
xmlns:xsi="http://www.w3.org/2001/XMLSchema-instance"
xsi:schemaLocation="http://www.loc.gov/MARC21/slim
http://www.loc.gov/standards/marcxml/schema/MARC21slim.xsd">
  <leader>     cam  2200457Ii 4500</leader>
  <controlfield tag="001">032527148</controlfield>
  <datafield tag="245" ind1="1" ind2="0">
    <subfield code="a">Marks&apos; basic medical biochemistry :</subfield>
    <subfield code="b">a clinical approach /</subfield>
    <subfield code="c">Michael Lieberman, Allan Marks, Alisa Peet ; illustrations by Matthew Chansky.</subfield>
  </datafield>
</record>