

<record xmlns="http://www.loc.gov/MARC21/slim"
xmlns:xsi="http://www.w3.org/2001/XMLSchema-instance"
xsi:schemaLocation="http://www.loc.gov/MARC21/slim
http://www.loc.gov/standards/marcxml/schema/MARC21slim.xsd">
  <leader>     nam  2200433Ii 4500</leader>
  <controlfield tag="001">033930502</controlfield>
  <datafield tag="245" ind1="1" ind2="0">
    <subfield code="a">Blueprints pediatrics /</subfield>
    <subfield code="c">Bradley S. Marino, Katie S. Fine.</subfield>
  </datafield>
  <datafield tag="500" ind1=" " ind2=" ">
    <subfield code="a">Includes index.</subfield>
  </datafield>
</record>