

<record xmlns="http://www.loc.gov/MARC21/slim"
xmlns:xsi="http://www.w3.org/2001/XMLSchema-instance"
xsi:schemaLocation="http://www.loc.gov/MARC21/slim
http://www.loc.gov/standards/marcxml/schema/MARC21slim.xsd">
  <leader>02999cam  2200577Ia 4500</leader>
  <controlfield tag="001">032527100</controlfield>
  <datafield tag="245" ind1="1" ind2="0">
    <subfield code="a">Lookingbill and Marks&apos; principles of dermatology</subfield>
    <subfield code="h">[electronic resource] /</subfield>
    <subfield code="c">James G. Marks, Jr., Jeffrey J. Miller.</subfield>
  </datafield>
  <datafield tag="500" ind1=" " ind2=" ">
    <subfield code="a">Includes index.</subfield>
  </datafield>
</record>