

<record xmlns="http://www.loc.gov/MARC21/slim"
xmlns:xsi="http://www.w3.org/2001/XMLSchema-instance"
xsi:schemaLocation="http://www.loc.gov/MARC21/slim
http://www.loc.gov/standards/marcxml/schema/MARC21slim.xsd">
  <leader>03422cam  2200613Ia 4500</leader>
  <controlfield tag="001">032527079</controlfield>
  <datafield tag="245" ind1="1" ind2="0">
    <subfield code="a">Endocrine secrets</subfield>
    <subfield code="h">[electronic resource] /</subfield>
    <subfield code="c">Michael T. McDermott.</subfield>
  </datafield>
  <datafield tag="500" ind1=" " ind2=" ">
    <subfield code="a">Title from PDF title page (viewed on Apr. 30, 2013).</subfield>
  </datafield>
</record>