

<record xmlns="http://www.loc.gov/MARC21/slim"
xmlns:xsi="http://www.w3.org/2001/XMLSchema-instance"
xsi:schemaLocation="http://www.loc.gov/MARC21/slim
http://www.loc.gov/standards/marcxml/schema/MARC21slim.xsd">
  <leader>02331cam  2200373Ki 4500</leader>
  <controlfield tag="001">032527141</controlfield>
  <datafield tag="245" ind1="1" ind2="0">
    <subfield code="a">Breast MRI /</subfield>
    <subfield code="c">Viriginia Molleran, Mary Mahooney.</subfield>
  </datafield>
</record>