

<record xmlns="http://www.loc.gov/MARC21/slim"
xmlns:xsi="http://www.w3.org/2001/XMLSchema-instance"
xsi:schemaLocation="http://www.loc.gov/MARC21/slim
http://www.loc.gov/standards/marcxml/schema/MARC21slim.xsd">
  <leader>02571cam  2200481Ki 4500</leader>
  <controlfield tag="001">032527135</controlfield>
  <datafield tag="245" ind1="1" ind2="0">
    <subfield code="a">Kidney transplantation :</subfield>
    <subfield code="b">principles and practice /</subfield>
    <subfield code="c">by Peter Morris and Stuart J. Knechtle.</subfield>
  </datafield>
  <datafield tag="500" ind1=" " ind2=" ">
    <subfield code="a">Includes Internet access.</subfield>
  </datafield>
  <datafield tag="500" ind1=" " ind2=" ">
    <subfield code="a">Previous edition: London: Saunders Elsevier, 2008.</subfield>
  </datafield>
</record>