

<record xmlns="http://www.loc.gov/MARC21/slim"
xmlns:xsi="http://www.w3.org/2001/XMLSchema-instance"
xsi:schemaLocation="http://www.loc.gov/MARC21/slim
http://www.loc.gov/standards/marcxml/schema/MARC21slim.xsd">
  <leader>     cam  2200457Ka 4500</leader>
  <controlfield tag="001">032538570</controlfield>
  <datafield tag="245" ind1="1" ind2="0">
    <subfield code="a">Crush step 3 CCS</subfield>
    <subfield code="h">[electronic resource] :</subfield>
    <subfield code="b">the ultimate USMLE step 3 CCS review /</subfield>
    <subfield code="c">Mayur K. Movalia.</subfield>
  </datafield>
</record>