

<record xmlns="http://www.loc.gov/MARC21/slim"
xmlns:xsi="http://www.w3.org/2001/XMLSchema-instance"
xsi:schemaLocation="http://www.loc.gov/MARC21/slim
http://www.loc.gov/standards/marcxml/schema/MARC21slim.xsd">
  <leader>03202cam  2200733Ia 4500</leader>
  <controlfield tag="001">032526937</controlfield>
  <datafield tag="245" ind1="1" ind2="0">
    <subfield code="a">Brochert&apos;s crush step 3</subfield>
    <subfield code="h">[electronic resource] :</subfield>
    <subfield code="b">the ultimate USMLE step 3 review /</subfield>
    <subfield code="c">Mayur K. Movalia, Theodore X. O&apos;Connell.</subfield>
  </datafield>
  <datafield tag="500" ind1=" " ind2=" ">
    <subfield code="a">Rev. ed. of: Crush step 3 / Adam Brochert. 3rd ed. c2008.</subfield>
  </datafield>
  <datafield tag="500" ind1=" " ind2=" ">
    <subfield code="a">Includes index.</subfield>
  </datafield>
</record>