

<record xmlns="http://www.loc.gov/MARC21/slim"
xmlns:xsi="http://www.w3.org/2001/XMLSchema-instance"
xsi:schemaLocation="http://www.loc.gov/MARC21/slim
http://www.loc.gov/standards/marcxml/schema/MARC21slim.xsd">
  <leader>     cam  2200577Ia 4500</leader>
  <controlfield tag="001">032527085</controlfield>
  <datafield tag="245" ind1="1" ind2="4">
    <subfield code="a">The Netter collection of medical illustrations.</subfield>
    <subfield code="n">Volume 7,</subfield>
    <subfield code="p">Nervous system.</subfield>
    <subfield code="n">Part II,</subfield>
    <subfield code="p">Spinal cord and peripheral motor and sensory systems</subfield>
    <subfield code="h">[electronic resource] /</subfield>
    <subfield code="c">a compilation of paintings prepared by Frank H. Netter ; edited by H. Royden Jones ... [et al.] ; additional illustrations by Carlos A.G. Machado ; contributing illustrators, James A. Perkins ... [et al.].</subfield>
  </datafield>
</record>