

<record xmlns="http://www.loc.gov/MARC21/slim"
xmlns:xsi="http://www.w3.org/2001/XMLSchema-instance"
xsi:schemaLocation="http://www.loc.gov/MARC21/slim
http://www.loc.gov/standards/marcxml/schema/MARC21slim.xsd">
  <leader>     cam  2200637Ii 4500</leader>
  <controlfield tag="001">032008557</controlfield>
  <datafield tag="245" ind1="1" ind2="0">
    <subfield code="a">Abeloff&apos;s clinical oncology</subfield>
    <subfield code="h">[electronic resource] /</subfield>
    <subfield code="c">by John E. Niederhuber, James O. Armitage, James H. Doroshow, Michael B. Kastan, Joel E. Tepper.</subfield>
  </datafield>
  <datafield tag="500" ind1=" " ind2=" ">
    <subfield code="a">Previous ed.: Edinburgh: Churchill Livingstone, 2008.</subfield>
  </datafield>
</record>