

<record xmlns="http://www.loc.gov/MARC21/slim"
xmlns:xsi="http://www.w3.org/2001/XMLSchema-instance"
xsi:schemaLocation="http://www.loc.gov/MARC21/slim
http://www.loc.gov/standards/marcxml/schema/MARC21slim.xsd">
  <leader>02080cam  22004934a 4500</leader>
  <controlfield tag="001">032527081</controlfield>
  <datafield tag="245" ind1="1" ind2="4">
    <subfield code="a">The human brain in photographs and diagrams</subfield>
    <subfield code="h">[electronic resource] /</subfield>
    <subfield code="c">John Nolte, Jay B. Angevine, Jr.</subfield>
  </datafield>
  <datafield tag="500" ind1=" " ind2=" ">
    <subfield code="a">&quot;Student consult.&quot; --cover.</subfield>
  </datafield>
  <datafield tag="500" ind1=" " ind2=" ">
    <subfield code="a">Includes index.</subfield>
  </datafield>
</record>