

<record xmlns="http://www.loc.gov/MARC21/slim"
xmlns:xsi="http://www.w3.org/2001/XMLSchema-instance"
xsi:schemaLocation="http://www.loc.gov/MARC21/slim
http://www.loc.gov/standards/marcxml/schema/MARC21slim.xsd">
  <leader>     nam  2200349Ii 4500</leader>
  <controlfield tag="001">033097416</controlfield>
  <datafield tag="245" ind1="1" ind2="0">
    <subfield code="a">Medical Biochemistry :</subfield>
    <subfield code="b">an illustrated review /</subfield>
    <subfield code="c">Sankhavaram R. Panini.</subfield>
  </datafield>
  <datafield tag="500" ind1=" " ind2=" ">
    <subfield code="a">Includes index.</subfield>
  </datafield>
</record>