

<record xmlns="http://www.loc.gov/MARC21/slim"
xmlns:xsi="http://www.w3.org/2001/XMLSchema-instance"
xsi:schemaLocation="http://www.loc.gov/MARC21/slim
http://www.loc.gov/standards/marcxml/schema/MARC21slim.xsd">
  <leader>     cam  2200565Ia 4500</leader>
  <controlfield tag="001">032228378</controlfield>
  <datafield tag="245" ind1="1" ind2="0">
    <subfield code="a">Cardiovascular physiology</subfield>
    <subfield code="h">[electronic resource] /</subfield>
    <subfield code="c">Achilles J. Pappano, Withrow Gil Wier.</subfield>
  </datafield>
  <datafield tag="500" ind1=" " ind2=" ">
    <subfield code="a">Rev. ed. of: Cardiovascular physiology / Matthew N. Levy, Achilles J. Pappano. 9th ed. c2007.</subfield>
  </datafield>
</record>