

<record xmlns="http://www.loc.gov/MARC21/slim"
xmlns:xsi="http://www.w3.org/2001/XMLSchema-instance"
xsi:schemaLocation="http://www.loc.gov/MARC21/slim
http://www.loc.gov/standards/marcxml/schema/MARC21slim.xsd">
  <leader>     cam  2200517Ia 4500</leader>
  <controlfield tag="001">032559431</controlfield>
  <datafield tag="245" ind1="1" ind2="0">
    <subfield code="a">Practical skin pathology</subfield>
    <subfield code="h">[electronic resource] :</subfield>
    <subfield code="b">a diagnostic approach /</subfield>
    <subfield code="c">James W. Patterson.</subfield>
  </datafield>
</record>