

<record xmlns="http://www.loc.gov/MARC21/slim"
xmlns:xsi="http://www.w3.org/2001/XMLSchema-instance"
xsi:schemaLocation="http://www.loc.gov/MARC21/slim
http://www.loc.gov/standards/marcxml/schema/MARC21slim.xsd">
  <leader>     cam  2200445Ka 4500</leader>
  <controlfield tag="001">021180308</controlfield>
  <datafield tag="245" ind1="1" ind2="0">
    <subfield code="a">Fenichel&apos;s Clinical pediatric neurology</subfield>
    <subfield code="h">[electronic resource] :</subfield>
    <subfield code="b">a signs and symptoms approach /</subfield>
    <subfield code="c">J. Eric Piña-Garza.</subfield>
  </datafield>
  <datafield tag="500" ind1=" " ind2=" ">
    <subfield code="a">&quot;An expert consult title&quot;--P. [4] of cover.</subfield>
    <subfield code="5">FMFIU</subfield>
  </datafield>
  <datafield tag="500" ind1=" " ind2=" ">
    <subfield code="a">Previous ed.: published as Clinical pediatric neurology. Philadelphia, Pa.: Saunders/Elsevier, 2009.</subfield>
  </datafield>
</record>