

<record xmlns="http://www.loc.gov/MARC21/slim"
xmlns:xsi="http://www.w3.org/2001/XMLSchema-instance"
xsi:schemaLocation="http://www.loc.gov/MARC21/slim
http://www.loc.gov/standards/marcxml/schema/MARC21slim.xsd">
  <leader>     cam  2200805Li 4500</leader>
  <controlfield tag="001">034142656</controlfield>
  <datafield tag="245" ind1="1" ind2="0">
    <subfield code="a">Introduction to research in the health sciences /</subfield>
    <subfield code="c">Stephen Polgar, Shane A. Thomas.</subfield>
  </datafield>
  <datafield tag="500" ind1=" " ind2=" ">
    <subfield code="a">Previous edition: Edinburgh: Churchill Livingstone Elsevier, 2008.</subfield>
  </datafield>
</record>