

<record xmlns="http://www.loc.gov/MARC21/slim"
xmlns:xsi="http://www.w3.org/2001/XMLSchema-instance"
xsi:schemaLocation="http://www.loc.gov/MARC21/slim
http://www.loc.gov/standards/marcxml/schema/MARC21slim.xsd">
  <leader>02430cam  2200457Ka 4500</leader>
  <controlfield tag="001">032526938</controlfield>
  <datafield tag="245" ind1="1" ind2="0">
    <subfield code="a">Electromyography and neuromuscular disorders</subfield>
    <subfield code="h">[electronic resource] :</subfield>
    <subfield code="b">clinical-electrophysiological correlations /</subfield>
    <subfield code="c">David C. Preston, Barbara E. Shapiro.</subfield>
  </datafield>
</record>