

<record xmlns="http://www.loc.gov/MARC21/slim"
xmlns:xsi="http://www.w3.org/2001/XMLSchema-instance"
xsi:schemaLocation="http://www.loc.gov/MARC21/slim
http://www.loc.gov/standards/marcxml/schema/MARC21slim.xsd">
  <leader>03033cam  2200469Ki 4500</leader>
  <controlfield tag="001">032527139</controlfield>
  <datafield tag="245" ind1="1" ind2="0">
    <subfield code="a">Netter&apos;s illustrated pharmacology /</subfield>
    <subfield code="c">Robert B. Raffa, Scott M. Rawls, Elena Portyansky Beyzarov.</subfield>
  </datafield>
  <datafield tag="500" ind1=" " ind2=" ">
    <subfield code="a">Includes Internet access.</subfield>
  </datafield>
</record>