

<record xmlns="http://www.loc.gov/MARC21/slim"
xmlns:xsi="http://www.w3.org/2001/XMLSchema-instance"
xsi:schemaLocation="http://www.loc.gov/MARC21/slim
http://www.loc.gov/standards/marcxml/schema/MARC21slim.xsd">
  <leader>02808cam  2200529Ma 4500</leader>
  <controlfield tag="001">032527060</controlfield>
  <datafield tag="245" ind1="1" ind2="0">
    <subfield code="a">Obstetric and gynecologic ultrasound</subfield>
    <subfield code="h">[electronic resource] :</subfield>
    <subfield code="b">case review /</subfield>
    <subfield code="c">Karen L. Reuter, John P. McGahan.</subfield>
  </datafield>
  <datafield tag="500" ind1=" " ind2=" ">
    <subfield code="a">Rev. ed. of: Case review. 2nd ed. c2007.</subfield>
  </datafield>
</record>