

<record xmlns="http://www.loc.gov/MARC21/slim"
xmlns:xsi="http://www.w3.org/2001/XMLSchema-instance"
xsi:schemaLocation="http://www.loc.gov/MARC21/slim
http://www.loc.gov/standards/marcxml/schema/MARC21slim.xsd">
  <leader>     cam  2200493Ia 4500</leader>
  <controlfield tag="001">032528423</controlfield>
  <datafield tag="245" ind1="1" ind2="0">
    <subfield code="a">Studying a study &amp; testing a test</subfield>
    <subfield code="h">[electronic resource] :</subfield>
    <subfield code="b">[reading evidence-based health research] /</subfield>
    <subfield code="c">Richard K. Riegelman.</subfield>
  </datafield>
</record>