

<record xmlns="http://www.loc.gov/MARC21/slim"
xmlns:xsi="http://www.w3.org/2001/XMLSchema-instance"
xsi:schemaLocation="http://www.loc.gov/MARC21/slim
http://www.loc.gov/standards/marcxml/schema/MARC21slim.xsd">
  <leader>     cam  2200457Ia 4500</leader>
  <controlfield tag="001">032538256</controlfield>
  <datafield tag="245" ind1="1" ind2="0">
    <subfield code="a">Community pharmacy</subfield>
    <subfield code="h">[electronic resource] :</subfield>
    <subfield code="b">symptoms, diagnosis, and treatment /</subfield>
    <subfield code="c">Paul Rutter.</subfield>
  </datafield>
  <datafield tag="500" ind1=" " ind2=" ">
    <subfield code="a">&quot;Evolve learning resources for students and lecturers&quot;.</subfield>
  </datafield>
</record>