

<record xmlns="http://www.loc.gov/MARC21/slim"
xmlns:xsi="http://www.w3.org/2001/XMLSchema-instance"
xsi:schemaLocation="http://www.loc.gov/MARC21/slim
http://www.loc.gov/standards/marcxml/schema/MARC21slim.xsd">
  <leader>02266cam  2200445Ii 4500</leader>
  <controlfield tag="001">032527093</controlfield>
  <datafield tag="245" ind1="1" ind2="0">
    <subfield code="a">Essential echocardiography</subfield>
    <subfield code="h">[electronic resource] /</subfield>
    <subfield code="c">Alisdair Ryding ; with a contribution by James Newton, Sayeh Zielke.</subfield>
  </datafield>
</record>