

<record xmlns="http://www.loc.gov/MARC21/slim"
xmlns:xsi="http://www.w3.org/2001/XMLSchema-instance"
xsi:schemaLocation="http://www.loc.gov/MARC21/slim
http://www.loc.gov/standards/marcxml/schema/MARC21slim.xsd">
  <leader>     cam  22003614i 4500</leader>
  <controlfield tag="001">031812518</controlfield>
  <datafield tag="245" ind1="1" ind2="0">
    <subfield code="a">Practical tools for designing and weighting survey samples /</subfield>
    <subfield code="c">Richard Valliant, Jill A. Dever, Frauke Kreuter.</subfield>
  </datafield>
</record>