

<record xmlns="http://www.loc.gov/MARC21/slim"
xmlns:xsi="http://www.w3.org/2001/XMLSchema-instance"
xsi:schemaLocation="http://www.loc.gov/MARC21/slim
http://www.loc.gov/standards/marcxml/schema/MARC21slim.xsd">
  <leader>     cam  2200613Ka 4500</leader>
  <controlfield tag="001">032241710</controlfield>
  <datafield tag="245" ind1="1" ind2="0">
    <subfield code="a">Endocrine and reproductive physiology</subfield>
    <subfield code="h">[electronic resource] /</subfield>
    <subfield code="c">edited by Bruce A. White, Susan P. Porterfield.</subfield>
  </datafield>
  <datafield tag="500" ind1=" " ind2=" ">
    <subfield code="a">Rev. ed. of: Endocrine physiology / Susan P. Porterfield, Bruce A. White. 3rd. ed. c2007.</subfield>
  </datafield>
  <datafield tag="500" ind1=" " ind2=" ">
    <subfield code="a">Authors&apos; names reversed on previous edition.</subfield>
  </datafield>
  <datafield tag="500" ind1=" " ind2=" ">
    <subfield code="a">Includes index.</subfield>
  </datafield>
</record>