

<record xmlns="http://www.loc.gov/MARC21/slim"
xmlns:xsi="http://www.w3.org/2001/XMLSchema-instance"
xsi:schemaLocation="http://www.loc.gov/MARC21/slim
http://www.loc.gov/standards/marcxml/schema/MARC21slim.xsd">
  <leader>     cam  2200481Ii 4500</leader>
  <controlfield tag="001">032536140</controlfield>
  <datafield tag="245" ind1="1" ind2="0">
    <subfield code="a">Anaesthesia and intensive care A-Z :</subfield>
    <subfield code="b">an encyclopaedia of principles and practice /</subfield>
    <subfield code="c">Steve M. Yentis, Nicholas P. Hirsch, James K. Ip ; original contributions by Gary B. Smith.</subfield>
  </datafield>
</record>