

<record xmlns="http://www.loc.gov/MARC21/slim"
xmlns:xsi="http://www.w3.org/2001/XMLSchema-instance"
xsi:schemaLocation="http://www.loc.gov/MARC21/slim
http://www.loc.gov/standards/marcxml/schema/MARC21slim.xsd">
  <leader>05294cam  2200553Ia 4500</leader>
  <controlfield tag="001">034198648</controlfield>
  <datafield tag="245" ind1="0" ind2="0">
    <subfield code="a">Clinical pharmacology during pregnancy</subfield>
    <subfield code="h">[electronic resource] /</subfield>
    <subfield code="c">edited by Donald Mattison.</subfield>
  </datafield>
  <datafield tag="500" ind1=" " ind2=" ">
    <subfield code="a">Title from pdf title page (viewed October 31, 2012).</subfield>
  </datafield>
</record>