

<record xmlns="http://www.loc.gov/MARC21/slim"
xmlns:xsi="http://www.w3.org/2001/XMLSchema-instance"
xsi:schemaLocation="http://www.loc.gov/MARC21/slim
http://www.loc.gov/standards/marcxml/schema/MARC21slim.xsd">
  <leader>     nam  2200385Ii 4500</leader>
  <controlfield tag="001">033933798</controlfield>
  <datafield tag="245" ind1="0" ind2="0">
    <subfield code="a">Schwartz&apos;s clinical handbook of pediatrics /</subfield>
    <subfield code="c">editor, Joseph J. Zorc ; associate editors, Elizabeth R. Alpern [and others].</subfield>
  </datafield>
</record>