

<record xmlns="http://www.loc.gov/MARC21/slim"
xmlns:xsi="http://www.w3.org/2001/XMLSchema-instance"
xsi:schemaLocation="http://www.loc.gov/MARC21/slim
http://www.loc.gov/standards/marcxml/schema/MARC21slim.xsd">
  <leader>     nam  2200433Ii 4500</leader>
  <controlfield tag="001">033660881</controlfield>
  <datafield tag="245" ind1="0" ind2="0">
    <subfield code="a">Healthy China 2020 :</subfield>
    <subfield code="b">strategic research report /</subfield>
    <subfield code="c">editor-in-chief, Chen Zhu ; director, Chen Zhu ; associate director, Chen Wen, Dai Tao, Hu Shanlian ; member, Chen Xianyi [and 6 others].</subfield>
  </datafield>
</record>