

<record xmlns="http://www.loc.gov/MARC21/slim"
xmlns:xsi="http://www.w3.org/2001/XMLSchema-instance"
xsi:schemaLocation="http://www.loc.gov/MARC21/slim
http://www.loc.gov/standards/marcxml/schema/MARC21slim.xsd">
  <leader>02118nam  2200373 a 4500</leader>
  <controlfield tag="001">033535966</controlfield>
  <datafield tag="245" ind1="0" ind2="0">
    <subfield code="a">Clinical care conundrums</subfield>
    <subfield code="h">[electronic resource] :</subfield>
    <subfield code="b">challenging diagnoses in hospital medicine /</subfield>
    <subfield code="c">edited by James C. Pile, Thomas E. Baudendistel, Brian J. Harte.</subfield>
  </datafield>
</record>