

<record xmlns="http://www.loc.gov/MARC21/slim"
xmlns:xsi="http://www.w3.org/2001/XMLSchema-instance"
xsi:schemaLocation="http://www.loc.gov/MARC21/slim
http://www.loc.gov/standards/marcxml/schema/MARC21slim.xsd">
  <leader>     nam  2200457Ii 4500</leader>
  <controlfield tag="001">033226513</controlfield>
  <datafield tag="245" ind1="0" ind2="0">
    <subfield code="a">Microbiology /</subfield>
    <subfield code="c">Cynthia Nau Cornelissen, Bruce D. Fisher, Richard A. Harvey</subfield>
  </datafield>
  <datafield tag="500" ind1=" " ind2=" ">
    <subfield code="a">Includes index</subfield>
  </datafield>
  <datafield tag="500" ind1=" " ind2=" ">
    <subfield code="a">Rev. ed. of: Microbiology / Richard A. Harvey, Pamela C. Champe, Bruce D. Fisher. c2007</subfield>
  </datafield>
  <datafield tag="500" ind1=" " ind2=" ">
    <subfield code="a">Introduction to microbiology. Normal flora. Pathogenicity of microorganisms. Diagnostic microbiology. Vaccines and antimicrobial agents. Bacterial structure, growth, and metabolism. Bacterial genetics. Staphylococci. Streptococci. Gram-positive rods. Neisseriae. Gastrointestional gram-negative rods. Other gram-negative rods. Clostridia and other anaerobic rods. Spirochetes. Mycoplasma. Chlamdiae. Mycobacteria and actinomycetes. Rickettsia, erhlichia, anaplasma and coxiella. Fungi. Protozoa. Helminths. Introduction to the virus. Nonenveloped DNA viruses. Enveloped DNA viruses. Hepatitis B and hepatitis D (delta) viruses. Positive-strand RNA viruses. Retroviruses and AIDS. Negative-strand RNA viruses. Double-stranded RNA viruses: reoviridae. Unconventional infectious agents. Quick review of clinically important microorganisms. Disease summaries. Illustrated case studies</subfield>
  </datafield>
</record>