

<record xmlns="http://www.loc.gov/MARC21/slim"
xmlns:xsi="http://www.w3.org/2001/XMLSchema-instance"
xsi:schemaLocation="http://www.loc.gov/MARC21/slim
http://www.loc.gov/standards/marcxml/schema/MARC21slim.xsd">
  <leader>     cam  2200553Ki 4500</leader>
  <controlfield tag="001">033211745</controlfield>
  <datafield tag="245" ind1="0" ind2="0">
    <subfield code="a">First aid for the USMLE step 1 2013 /</subfield>
    <subfield code="c">Tao Le ... [and others].</subfield>
  </datafield>
  <datafield tag="500" ind1=" " ind2=" ">
    <subfield code="a">&quot;A student-to-student guide&quot;--Cover.</subfield>
  </datafield>
</record>