

<record xmlns="http://www.loc.gov/MARC21/slim"
xmlns:xsi="http://www.w3.org/2001/XMLSchema-instance"
xsi:schemaLocation="http://www.loc.gov/MARC21/slim
http://www.loc.gov/standards/marcxml/schema/MARC21slim.xsd">
  <leader>03415cam  2200565Ki 4500</leader>
  <controlfield tag="001">033017751</controlfield>
  <datafield tag="245" ind1="0" ind2="0">
    <subfield code="a">Emergency medicine :</subfield>
    <subfield code="b">the principles of practice /</subfield>
    <subfield code="c">edited by Gordian W.O. Fulde, Sascha Fulde.</subfield>
  </datafield>
  <datafield tag="500" ind1=" " ind2=" ">
    <subfield code="a">Previous edition: 2009.</subfield>
  </datafield>
</record>