

<record xmlns="http://www.loc.gov/MARC21/slim"
xmlns:xsi="http://www.w3.org/2001/XMLSchema-instance"
xsi:schemaLocation="http://www.loc.gov/MARC21/slim
http://www.loc.gov/standards/marcxml/schema/MARC21slim.xsd">
  <leader>     cam  22005058a 4500</leader>
  <controlfield tag="001">032955847</controlfield>
  <datafield tag="245" ind1="0" ind2="0">
    <subfield code="a">Smith and Aitkenhead&apos;s textbook of anaesthesia</subfield>
    <subfield code="h">[electronic resource] /</subfield>
    <subfield code="c">[edited by] Alan R. Aitkenhead, Iain K. Moppett, Jonathan P. Thompson.</subfield>
  </datafield>
  <datafield tag="500" ind1=" " ind2=" ">
    <subfield code="a">Rev. ed. of: Textbook of anaesthesia / edited by Alan R. Aitkenhead, Graham Smith, David J. Rowbotham.</subfield>
  </datafield>
</record>