

<record xmlns="http://www.loc.gov/MARC21/slim"
xmlns:xsi="http://www.w3.org/2001/XMLSchema-instance"
xsi:schemaLocation="http://www.loc.gov/MARC21/slim
http://www.loc.gov/standards/marcxml/schema/MARC21slim.xsd">
  <leader>     nam  2200517Ii 4500</leader>
  <controlfield tag="001">032909806</controlfield>
  <datafield tag="245" ind1="0" ind2="4">
    <subfield code="a">The 5-minute consult clinical companion to women&apos;s health /</subfield>
    <subfield code="c">editors, Kelly A. McGarry, Iris L. Tong.</subfield>
  </datafield>
</record>