

<record xmlns="http://www.loc.gov/MARC21/slim"
xmlns:xsi="http://www.w3.org/2001/XMLSchema-instance"
xsi:schemaLocation="http://www.loc.gov/MARC21/slim
http://www.loc.gov/standards/marcxml/schema/MARC21slim.xsd">
  <leader>     cam  22005054a 4500</leader>
  <controlfield tag="001">032866897</controlfield>
  <datafield tag="245" ind1="0" ind2="0">
    <subfield code="a">Ethical issues in modern medicine :</subfield>
    <subfield code="b">contemporary readings in bioethics /</subfield>
    <subfield code="c">[edited by] Bonnie Steinbock, Alex John London, John D. Arras.</subfield>
  </datafield>
</record>