

<record xmlns="http://www.loc.gov/MARC21/slim"
xmlns:xsi="http://www.w3.org/2001/XMLSchema-instance"
xsi:schemaLocation="http://www.loc.gov/MARC21/slim
http://www.loc.gov/standards/marcxml/schema/MARC21slim.xsd">
  <leader>     cam  2200457Ka 4500</leader>
  <controlfield tag="001">032630966</controlfield>
  <datafield tag="245" ind1="0" ind2="0">
    <subfield code="a">Emery and Rimoin&apos;s principles and practice of medical genetics</subfield>
    <subfield code="h">[electronic resource] /</subfield>
    <subfield code="c">edited by David L. Rimoin, Reed Pyeritz, Bruce Korf.</subfield>
  </datafield>
</record>