

<record xmlns="http://www.loc.gov/MARC21/slim"
xmlns:xsi="http://www.w3.org/2001/XMLSchema-instance"
xsi:schemaLocation="http://www.loc.gov/MARC21/slim
http://www.loc.gov/standards/marcxml/schema/MARC21slim.xsd">
  <leader>     cam  2200613Ka 4500</leader>
  <controlfield tag="001">032563803</controlfield>
  <datafield tag="245" ind1="0" ind2="0">
    <subfield code="a">Transfusion medicine and hemostasis</subfield>
    <subfield code="h">[electronic resource] :</subfield>
    <subfield code="b">clinical and laboratory aspects /</subfield>
    <subfield code="c">edited by Beth Shaz, Christopher Hillyer, Charles Abrams, Mikhail Roshal.</subfield>
  </datafield>
  <datafield tag="500" ind1=" " ind2=" ">
    <subfield code="a">Previous edition: 2009.</subfield>
  </datafield>
</record>