

<record xmlns="http://www.loc.gov/MARC21/slim"
xmlns:xsi="http://www.w3.org/2001/XMLSchema-instance"
xsi:schemaLocation="http://www.loc.gov/MARC21/slim
http://www.loc.gov/standards/marcxml/schema/MARC21slim.xsd">
  <leader>     cam  2200481Ia 4500</leader>
  <controlfield tag="001">032563435</controlfield>
  <datafield tag="245" ind1="0" ind2="0">
    <subfield code="a">Seldin and Giebisch&apos;s the kidney</subfield>
    <subfield code="h">[electronic resource] :</subfield>
    <subfield code="b">physiology &amp; pathophysiology /</subfield>
    <subfield code="c">edited by Robert J. Alpern, Orson W. Moe, Michael Caplan.</subfield>
  </datafield>
</record>