

<record xmlns="http://www.loc.gov/MARC21/slim"
xmlns:xsi="http://www.w3.org/2001/XMLSchema-instance"
xsi:schemaLocation="http://www.loc.gov/MARC21/slim
http://www.loc.gov/standards/marcxml/schema/MARC21slim.xsd">
  <leader>     cam  2200397Ia 4500</leader>
  <controlfield tag="001">032559001</controlfield>
  <datafield tag="245" ind1="0" ind2="0">
    <subfield code="a">McMinn and Abrahams&apos; clinical atlas of human anatomy</subfield>
    <subfield code="h">[electronic resource] /</subfield>
    <subfield code="c">by Peter H. Abrahams ... [et al.].</subfield>
  </datafield>
</record>