

<record xmlns="http://www.loc.gov/MARC21/slim"
xmlns:xsi="http://www.w3.org/2001/XMLSchema-instance"
xsi:schemaLocation="http://www.loc.gov/MARC21/slim
http://www.loc.gov/standards/marcxml/schema/MARC21slim.xsd">
  <leader>     cam  2200445Ia 4500</leader>
  <controlfield tag="001">032558988</controlfield>
  <datafield tag="245" ind1="0" ind2="0">
    <subfield code="a">Macleod&apos;s clinical examination</subfield>
    <subfield code="h">[electronic resource] /</subfield>
    <subfield code="c">edited by Graham Douglas, Fiona Nicol, Colin Robertson ; illustrations by Robert Britton.</subfield>
  </datafield>
  <datafield tag="500" ind1=" " ind2=" ">
    <subfield code="a">Original edition: Clinical examination / editor, John Macleod. 1964.</subfield>
  </datafield>
</record>