

<record xmlns="http://www.loc.gov/MARC21/slim"
xmlns:xsi="http://www.w3.org/2001/XMLSchema-instance"
xsi:schemaLocation="http://www.loc.gov/MARC21/slim
http://www.loc.gov/standards/marcxml/schema/MARC21slim.xsd">
  <leader>     cam  2200469Ka 4500</leader>
  <controlfield tag="001">032548472</controlfield>
  <datafield tag="245" ind1="0" ind2="0">
    <subfield code="a">Field guide to wilderness medicine</subfield>
    <subfield code="h">[electronic resource] /</subfield>
    <subfield code="c">Paul S. Auerbach ... [et al.].</subfield>
  </datafield>
  <datafield tag="500" ind1=" " ind2=" ">
    <subfield code="a">Rev. ed. of: Field guide to wilderness medicine / Paul S. Auerbach. 3rd ed. c2008.</subfield>
  </datafield>
</record>