

<record xmlns="http://www.loc.gov/MARC21/slim"
xmlns:xsi="http://www.w3.org/2001/XMLSchema-instance"
xsi:schemaLocation="http://www.loc.gov/MARC21/slim
http://www.loc.gov/standards/marcxml/schema/MARC21slim.xsd">
  <leader>     cam  2200421Ka 4500</leader>
  <controlfield tag="001">032540100</controlfield>
  <datafield tag="245" ind1="0" ind2="0">
    <subfield code="a">Essential obstetrics and gynaecology</subfield>
    <subfield code="h">[electronic resource] /</subfield>
    <subfield code="c">[edited by] Ian M. Symonds, Sabaratnam Arulkumaran ; editor emeritus, E. Malcolm Symonds.</subfield>
  </datafield>
  <datafield tag="500" ind1=" " ind2=" ">
    <subfield code="a">Rev. ed. of: Essential obstetrics and gynaecology / E. Malcolm Symonds, Ian M. Symonds. 4th ed. 2004.</subfield>
  </datafield>
</record>