

<record xmlns="http://www.loc.gov/MARC21/slim"
xmlns:xsi="http://www.w3.org/2001/XMLSchema-instance"
xsi:schemaLocation="http://www.loc.gov/MARC21/slim
http://www.loc.gov/standards/marcxml/schema/MARC21slim.xsd">
  <leader>     cam  2200433Ii 4500</leader>
  <controlfield tag="001">032538223</controlfield>
  <datafield tag="245" ind1="0" ind2="0">
    <subfield code="a">Clinical biochemistry :</subfield>
    <subfield code="b">an illustrated colour text /</subfield>
    <subfield code="c">Allan Gaw, Michael J. Murphy, Rajeev Srivastava, Robert Cowan, and Denis St. J. O&apos;Reilly.</subfield>
  </datafield>
</record>