

<record xmlns="http://www.loc.gov/MARC21/slim"
xmlns:xsi="http://www.w3.org/2001/XMLSchema-instance"
xsi:schemaLocation="http://www.loc.gov/MARC21/slim
http://www.loc.gov/standards/marcxml/schema/MARC21slim.xsd">
  <leader>01517cam  2200409Ma 4500</leader>
  <controlfield tag="001">032527128</controlfield>
  <datafield tag="245" ind1="0" ind2="0">
    <subfield code="a">Ryan&apos;s retinal imaging and diagnostics</subfield>
    <subfield code="h">[electronic resource] /</subfield>
    <subfield code="c">edited by SriniVas R. Sadda.</subfield>
  </datafield>
  <datafield tag="500" ind1=" " ind2=" ">
    <subfield code="a">&quot;Retina&quot;--Cover.</subfield>
  </datafield>
</record>