

<record xmlns="http://www.loc.gov/MARC21/slim"
xmlns:xsi="http://www.w3.org/2001/XMLSchema-instance"
xsi:schemaLocation="http://www.loc.gov/MARC21/slim
http://www.loc.gov/standards/marcxml/schema/MARC21slim.xsd">
  <leader>03144cam  2200493Ia 4500</leader>
  <controlfield tag="001">032527126</controlfield>
  <datafield tag="245" ind1="0" ind2="0">
    <subfield code="a">Problem solving in radiology</subfield>
    <subfield code="h">[electronic resource] .</subfield>
    <subfield code="p">Cardiovascular imaging /</subfield>
    <subfield code="c">Suhny Abbara, Sanjeeva P. Kalva.</subfield>
  </datafield>
</record>