

<record xmlns="http://www.loc.gov/MARC21/slim"
xmlns:xsi="http://www.w3.org/2001/XMLSchema-instance"
xsi:schemaLocation="http://www.loc.gov/MARC21/slim
http://www.loc.gov/standards/marcxml/schema/MARC21slim.xsd">
  <leader>05885cam  2200493Ki 4500</leader>
  <controlfield tag="001">032527118</controlfield>
  <datafield tag="245" ind1="0" ind2="0">
    <subfield code="a">Critical care medicine</subfield>
    <subfield code="h">[electronic resource] :</subfield>
    <subfield code="b">principles of diagnosis and management in the adult /</subfield>
    <subfield code="c">[edited by] Joseph E. Parrillo, R. Phillip Dellinger.</subfield>
  </datafield>
</record>