

<record xmlns="http://www.loc.gov/MARC21/slim"
xmlns:xsi="http://www.w3.org/2001/XMLSchema-instance"
xsi:schemaLocation="http://www.loc.gov/MARC21/slim
http://www.loc.gov/standards/marcxml/schema/MARC21slim.xsd">
  <leader>03181cam  2200493Ii 4500</leader>
  <controlfield tag="001">032527105</controlfield>
  <datafield tag="245" ind1="0" ind2="0">
    <subfield code="a">Treatment of skin disease :</subfield>
    <subfield code="b">comprehensive therapeutic strategies /</subfield>
    <subfield code="c">[edited by] Mark G. Lebwohl, Warren R. Heymann, John Berth-Jones, Ian Coulson.</subfield>
  </datafield>
</record>