

<record xmlns="http://www.loc.gov/MARC21/slim"
xmlns:xsi="http://www.w3.org/2001/XMLSchema-instance"
xsi:schemaLocation="http://www.loc.gov/MARC21/slim
http://www.loc.gov/standards/marcxml/schema/MARC21slim.xsd">
  <leader>01706cam  2200457Ka 4500</leader>
  <controlfield tag="001">032527103</controlfield>
  <datafield tag="245" ind1="0" ind2="0">
    <subfield code="a">Grainger &amp; Allison&apos;s diagnostic radiology essentials /</subfield>
    <subfield code="c">edited by Nyree Griffin, Lee Grant.</subfield>
  </datafield>
</record>