

<record xmlns="http://www.loc.gov/MARC21/slim"
xmlns:xsi="http://www.w3.org/2001/XMLSchema-instance"
xsi:schemaLocation="http://www.loc.gov/MARC21/slim
http://www.loc.gov/standards/marcxml/schema/MARC21slim.xsd">
  <leader>02568cam  2200661Ia 4500</leader>
  <controlfield tag="001">032527098</controlfield>
  <datafield tag="245" ind1="0" ind2="0">
    <subfield code="a">Ocular surface disease</subfield>
    <subfield code="h">[electronic resource] :</subfield>
    <subfield code="b">cornea, conjunctiva and tear film /</subfield>
    <subfield code="c">[edited by] Edward J. Holland, Mark J. Mannis, W. Barry Lee.</subfield>
  </datafield>
</record>