

<record xmlns="http://www.loc.gov/MARC21/slim"
xmlns:xsi="http://www.w3.org/2001/XMLSchema-instance"
xsi:schemaLocation="http://www.loc.gov/MARC21/slim
http://www.loc.gov/standards/marcxml/schema/MARC21slim.xsd">
  <leader>01888cam  2200481Ii 4500</leader>
  <controlfield tag="001">032527094</controlfield>
  <datafield tag="245" ind1="0" ind2="0">
    <subfield code="a">Kirk&apos;s general surgical operations</subfield>
    <subfield code="h">[electronic resource].</subfield>
  </datafield>
  <datafield tag="500" ind1=" " ind2=" ">
    <subfield code="a">Revised edition of: General surgical operations / edited by R.M. Kirk. 5th ed. 2006.</subfield>
  </datafield>
</record>