

<record xmlns="http://www.loc.gov/MARC21/slim"
xmlns:xsi="http://www.w3.org/2001/XMLSchema-instance"
xsi:schemaLocation="http://www.loc.gov/MARC21/slim
http://www.loc.gov/standards/marcxml/schema/MARC21slim.xsd">
  <leader>02165cam  2200481Ii 4500</leader>
  <controlfield tag="001">032527092</controlfield>
  <datafield tag="245" ind1="0" ind2="0">
    <subfield code="a">Kumar and Clark&apos;s cases in clinical medicine /</subfield>
    <subfield code="c">[edited by] Parveen Kumar and Michael Clark.</subfield>
  </datafield>
  <datafield tag="500" ind1=" " ind2=" ">
    <subfield code="a">Previous edition titled: Acute clinical medicine.</subfield>
  </datafield>
</record>