

<record xmlns="http://www.loc.gov/MARC21/slim"
xmlns:xsi="http://www.w3.org/2001/XMLSchema-instance"
xsi:schemaLocation="http://www.loc.gov/MARC21/slim
http://www.loc.gov/standards/marcxml/schema/MARC21slim.xsd">
  <leader>02447cam  2200529Ia 4500</leader>
  <controlfield tag="001">032527091</controlfield>
  <datafield tag="245" ind1="0" ind2="0">
    <subfield code="a">Netter&apos;s correlative imaging</subfield>
    <subfield code="h">[electronic resource] :</subfield>
    <subfield code="b">cardiothoracic anatomy /</subfield>
    <subfield code="c">volume editor, Michael B. Gotway ; series editor, Nancy M. Major ; illustrations by Frank H. Netter ; contributing illustrators, Kristen Wienandt Marzejon, Carlos A.G. Machado.</subfield>
  </datafield>
</record>