

<record xmlns="http://www.loc.gov/MARC21/slim"
xmlns:xsi="http://www.w3.org/2001/XMLSchema-instance"
xsi:schemaLocation="http://www.loc.gov/MARC21/slim
http://www.loc.gov/standards/marcxml/schema/MARC21slim.xsd">
  <leader>05457cam  2200625Ka 4500</leader>
  <controlfield tag="001">032527078</controlfield>
  <datafield tag="245" ind1="0" ind2="0">
    <subfield code="a">Consultative hemostasis and thrombosis</subfield>
    <subfield code="h">[electronic resource] /</subfield>
    <subfield code="c">[edited by] Craig S. Kitchens, Craig M. Kessler, Barbara A. Konkle.</subfield>
  </datafield>
</record>