

<record xmlns="http://www.loc.gov/MARC21/slim"
xmlns:xsi="http://www.w3.org/2001/XMLSchema-instance"
xsi:schemaLocation="http://www.loc.gov/MARC21/slim
http://www.loc.gov/standards/marcxml/schema/MARC21slim.xsd">
  <leader>02635cam  2200637Ka 4500</leader>
  <controlfield tag="001">032527073</controlfield>
  <datafield tag="245" ind1="0" ind2="0">
    <subfield code="a">Monitoring in neurocritical care</subfield>
    <subfield code="h">[electronic resource] /</subfield>
    <subfield code="c">[edited by] Peter D. Le Roux, Joshua M. Levine, W. Andrew Kofke.</subfield>
  </datafield>
</record>