

<record xmlns="http://www.loc.gov/MARC21/slim"
xmlns:xsi="http://www.w3.org/2001/XMLSchema-instance"
xsi:schemaLocation="http://www.loc.gov/MARC21/slim
http://www.loc.gov/standards/marcxml/schema/MARC21slim.xsd">
  <leader>02263cam  2200565Ka 4500</leader>
  <controlfield tag="001">032527069</controlfield>
  <datafield tag="245" ind1="0" ind2="0">
    <subfield code="a">Atlas of endoscopic sinus and skull base surgery</subfield>
    <subfield code="h">[electronic resource] /</subfield>
    <subfield code="c">editors, James N. Palmer, Alexander G. Chiu ; associate editor, Nithin D. Adappa.</subfield>
  </datafield>
  <datafield tag="500" ind1=" " ind2=" ">
    <subfield code="a">&quot;Expert consult basic.&quot;</subfield>
  </datafield>
</record>