

<record xmlns="http://www.loc.gov/MARC21/slim"
xmlns:xsi="http://www.w3.org/2001/XMLSchema-instance"
xsi:schemaLocation="http://www.loc.gov/MARC21/slim
http://www.loc.gov/standards/marcxml/schema/MARC21slim.xsd">
  <leader>02401cam  2200553Ka 4500</leader>
  <controlfield tag="001">032527068</controlfield>
  <datafield tag="245" ind1="0" ind2="0">
    <subfield code="a">Physician assistant</subfield>
    <subfield code="h">[electronic resource] :</subfield>
    <subfield code="b">a guide to clinical practice /</subfield>
    <subfield code="c">[edited by] Ruth Ballweg ... [et al.].</subfield>
  </datafield>
</record>