

<record xmlns="http://www.loc.gov/MARC21/slim"
xmlns:xsi="http://www.w3.org/2001/XMLSchema-instance"
xsi:schemaLocation="http://www.loc.gov/MARC21/slim
http://www.loc.gov/standards/marcxml/schema/MARC21slim.xsd">
  <leader>02899cam  2200625Ii 4500</leader>
  <controlfield tag="001">032527066</controlfield>
  <datafield tag="245" ind1="0" ind2="0">
    <subfield code="a">Imaging of the brain /</subfield>
    <subfield code="c">editors, Thomas P. Naidich, Mauricio Castillo, Soonmee Cha, James G. Smirniotopoulos.</subfield>
  </datafield>
</record>