

<record xmlns="http://www.loc.gov/MARC21/slim"
xmlns:xsi="http://www.w3.org/2001/XMLSchema-instance"
xsi:schemaLocation="http://www.loc.gov/MARC21/slim
http://www.loc.gov/standards/marcxml/schema/MARC21slim.xsd">
  <leader>01915cam  2200493 a 4500</leader>
  <controlfield tag="001">032527061</controlfield>
  <datafield tag="245" ind1="0" ind2="0">
    <subfield code="a">Underwood&apos;s pathology</subfield>
    <subfield code="h">[electronic resource] :</subfield>
    <subfield code="b">a clinical approach /</subfield>
    <subfield code="c">edited by Simon S. Cross ; illustrations and chapter icons by Robert Britton.</subfield>
  </datafield>
  <datafield tag="500" ind1=" " ind2=" ">
    <subfield code="a">Rev. ed. of: General and systematic pathology / edited by J.C.E. Underwood, S.S. Cross. 5th ed. 2009.</subfield>
  </datafield>
</record>