

<record xmlns="http://www.loc.gov/MARC21/slim"
xmlns:xsi="http://www.w3.org/2001/XMLSchema-instance"
xsi:schemaLocation="http://www.loc.gov/MARC21/slim
http://www.loc.gov/standards/marcxml/schema/MARC21slim.xsd">
  <leader>     cam  2200709Ii 4500</leader>
  <controlfield tag="001">032527059</controlfield>
  <datafield tag="245" ind1="0" ind2="0">
    <subfield code="a">Evidence-based practice of anesthesiology /</subfield>
    <subfield code="c">[edited by] Lee A. Fleisher, MD, FACC, FAHA.</subfield>
  </datafield>
</record>