

<record xmlns="http://www.loc.gov/MARC21/slim"
xmlns:xsi="http://www.w3.org/2001/XMLSchema-instance"
xsi:schemaLocation="http://www.loc.gov/MARC21/slim
http://www.loc.gov/standards/marcxml/schema/MARC21slim.xsd">
  <leader>04500cam  2200625Ia 4500</leader>
  <controlfield tag="001">032527057</controlfield>
  <datafield tag="245" ind1="0" ind2="0">
    <subfield code="a">Coté and Lerman&apos;s a practice of anesthesia for infants and children</subfield>
    <subfield code="h">[electronic resource] /</subfield>
    <subfield code="c">[edited by] Charles J. Coté, Jerrold Lerman, Brian J. Anderson.</subfield>
  </datafield>
  <datafield tag="500" ind1=" " ind2=" ">
    <subfield code="a">Rev. ed. of: A practice of anesthesia for infants and children / [edited by] Charles J. Coté, Jerrold Lerman, I. David Todres. 4th ed. c2009.</subfield>
  </datafield>
</record>