

<record xmlns="http://www.loc.gov/MARC21/slim"
xmlns:xsi="http://www.w3.org/2001/XMLSchema-instance"
xsi:schemaLocation="http://www.loc.gov/MARC21/slim
http://www.loc.gov/standards/marcxml/schema/MARC21slim.xsd">
  <leader>02887cam  2200505Ia 4500</leader>
  <controlfield tag="001">032527056</controlfield>
  <datafield tag="245" ind1="0" ind2="0">
    <subfield code="a">Drugs for the heart</subfield>
    <subfield code="h">[electronic resource] /</subfield>
    <subfield code="c">[edited by] Lionel H. Opie ; co-editor, Bernard J. Gersh ; foreword by Eugene Braunwald ; original artwork by Jeannie Walker.</subfield>
  </datafield>
</record>