

<record xmlns="http://www.loc.gov/MARC21/slim"
xmlns:xsi="http://www.w3.org/2001/XMLSchema-instance"
xsi:schemaLocation="http://www.loc.gov/MARC21/slim
http://www.loc.gov/standards/marcxml/schema/MARC21slim.xsd">
  <leader>08109cam  2200697Ia 4500</leader>
  <controlfield tag="001">032527054</controlfield>
  <datafield tag="245" ind1="0" ind2="0">
    <subfield code="a">Genomic and personalized medicine</subfield>
    <subfield code="h">[electronic resource] /</subfield>
    <subfield code="c">edited by Geoffrey S. Ginsburg and Huntington F. Willard.</subfield>
  </datafield>
  <datafield tag="500" ind1=" " ind2=" ">
    <subfield code="a">First edition 2009.</subfield>
  </datafield>
  <datafield tag="500" ind1=" " ind2=" ">
    <subfield code="a">Title from PDF title page (viewed on Dec. 4, 2012).</subfield>
  </datafield>
</record>