

<record xmlns="http://www.loc.gov/MARC21/slim"
xmlns:xsi="http://www.w3.org/2001/XMLSchema-instance"
xsi:schemaLocation="http://www.loc.gov/MARC21/slim
http://www.loc.gov/standards/marcxml/schema/MARC21slim.xsd">
  <leader>04419cam  2200625Ii 4500</leader>
  <controlfield tag="001">032527002</controlfield>
  <datafield tag="245" ind1="0" ind2="0">
    <subfield code="a">Atlas of sleep medicine /</subfield>
    <subfield code="c">[edited by] Sudhansu Chokroverty, Robert J. Thomas.</subfield>
  </datafield>
</record>