

<record xmlns="http://www.loc.gov/MARC21/slim"
xmlns:xsi="http://www.w3.org/2001/XMLSchema-instance"
xsi:schemaLocation="http://www.loc.gov/MARC21/slim
http://www.loc.gov/standards/marcxml/schema/MARC21slim.xsd">
  <leader>03007cam  2200625Ki 4500</leader>
  <controlfield tag="001">032527001</controlfield>
  <datafield tag="245" ind1="0" ind2="0">
    <subfield code="a">Atlas of clinical sleep medicine /</subfield>
    <subfield code="c">[edited by] Meir H. Kryger, Alon Y. Avidan, Richard B. Berry.</subfield>
  </datafield>
</record>