

<record xmlns="http://www.loc.gov/MARC21/slim"
xmlns:xsi="http://www.w3.org/2001/XMLSchema-instance"
xsi:schemaLocation="http://www.loc.gov/MARC21/slim
http://www.loc.gov/standards/marcxml/schema/MARC21slim.xsd">
  <leader>01967cam  2200457Ka 4500</leader>
  <controlfield tag="001">032526982</controlfield>
  <datafield tag="245" ind1="0" ind2="0">
    <subfield code="a">Umphred&apos;s neurological rehabilitation</subfield>
    <subfield code="h">[electronic resource] /</subfield>
    <subfield code="c">[edited by] Darcy Umphred ... [et al.].</subfield>
  </datafield>
  <datafield tag="500" ind1=" " ind2=" ">
    <subfield code="a">Rev. ed. of: Neurological rehabilitation / [edited by] Darcy A. Umphred ; with section editors, Gordon U. Burton, Rolando T. Lazaro, Margaret L. Roller. 5th ed. c2007.</subfield>
  </datafield>
</record>