

<record xmlns="http://www.loc.gov/MARC21/slim"
xmlns:xsi="http://www.w3.org/2001/XMLSchema-instance"
xsi:schemaLocation="http://www.loc.gov/MARC21/slim
http://www.loc.gov/standards/marcxml/schema/MARC21slim.xsd">
  <leader>01440cam  2200397Ma 4500</leader>
  <controlfield tag="001">032526960</controlfield>
  <datafield tag="245" ind1="0" ind2="0">
    <subfield code="a">Bancroft&apos;s theory and practice of histological techniques</subfield>
    <subfield code="h">[electronic resource] /</subfield>
    <subfield code="c">[edited by] S. Kim Suvarna, Christopher Layton, John D. Bancroft.</subfield>
  </datafield>
</record>