

<record xmlns="http://www.loc.gov/MARC21/slim"
xmlns:xsi="http://www.w3.org/2001/XMLSchema-instance"
xsi:schemaLocation="http://www.loc.gov/MARC21/slim
http://www.loc.gov/standards/marcxml/schema/MARC21slim.xsd">
  <leader>03293cam  2200577Ka 4500</leader>
  <controlfield tag="001">032526959</controlfield>
  <datafield tag="245" ind1="0" ind2="0">
    <subfield code="a">Pharmacology and physiology for anesthesia</subfield>
    <subfield code="h">[electronic resource] :</subfield>
    <subfield code="b">foundations and clinical application /</subfield>
    <subfield code="c">[edited by] Hugh C. Hemmings, Jr., Talmage D. Egan.</subfield>
  </datafield>
</record>