

<record xmlns="http://www.loc.gov/MARC21/slim"
xmlns:xsi="http://www.w3.org/2001/XMLSchema-instance"
xsi:schemaLocation="http://www.loc.gov/MARC21/slim
http://www.loc.gov/standards/marcxml/schema/MARC21slim.xsd">
  <leader>01734cam  2200481Ia 4500</leader>
  <controlfield tag="001">032526948</controlfield>
  <datafield tag="245" ind1="0" ind2="0">
    <subfield code="a">Travel medicine</subfield>
    <subfield code="h">[electronic resource] /</subfield>
    <subfield code="c">edited by Jay S. Keystone ... [et al.].</subfield>
  </datafield>
  <datafield tag="500" ind1=" " ind2=" ">
    <subfield code="a">Previous ed.: Oxford: Mosby, 2008.</subfield>
  </datafield>
</record>