

<record xmlns="http://www.loc.gov/MARC21/slim"
xmlns:xsi="http://www.w3.org/2001/XMLSchema-instance"
xsi:schemaLocation="http://www.loc.gov/MARC21/slim
http://www.loc.gov/standards/marcxml/schema/MARC21slim.xsd">
  <leader>04050cam  2200505Ia 4500</leader>
  <controlfield tag="001">032526939</controlfield>
  <datafield tag="245" ind1="0" ind2="0">
    <subfield code="a">Fundamental neuroscience for basic and clinical applications</subfield>
    <subfield code="h">[electronic resource] /</subfield>
    <subfield code="c">edited by Duane E. Haines ; contributors, M.D. Ard [and others] ; illustrators, M.P. Schenk, W.K. Cunningham ; photographer, G.W. Armstrong ; computer graphics, C.P. Runyan ; typist, L.K. Boyd.</subfield>
  </datafield>
</record>