

<record xmlns="http://www.loc.gov/MARC21/slim"
xmlns:xsi="http://www.w3.org/2001/XMLSchema-instance"
xsi:schemaLocation="http://www.loc.gov/MARC21/slim
http://www.loc.gov/standards/marcxml/schema/MARC21slim.xsd">
  <leader>03065cam  2200469Ia 4500</leader>
  <controlfield tag="001">032526931</controlfield>
  <datafield tag="245" ind1="0" ind2="0">
    <subfield code="a">Retina</subfield>
    <subfield code="h">[electronic resource] /</subfield>
    <subfield code="c">editor-in-chief: Stephen J. Ryan.</subfield>
  </datafield>
  <datafield tag="500" ind1=" " ind2=" ">
    <subfield code="a">Title from PDF t.p. (viewed on Mar. 25, 2013).</subfield>
  </datafield>
  <datafield tag="500" ind1=" " ind2=" ">
    <subfield code="a">&quot;Expert Consult Premium Edition: Enhanced Online Features.&quot;</subfield>
  </datafield>
</record>