

<record xmlns="http://www.loc.gov/MARC21/slim"
xmlns:xsi="http://www.w3.org/2001/XMLSchema-instance"
xsi:schemaLocation="http://www.loc.gov/MARC21/slim
http://www.loc.gov/standards/marcxml/schema/MARC21slim.xsd">
  <leader>01998cam  2200529Ia 4500</leader>
  <controlfield tag="001">032526926</controlfield>
  <datafield tag="245" ind1="0" ind2="0">
    <subfield code="a">Mims&apos; medical microbiology</subfield>
    <subfield code="h">[electronic resource].</subfield>
  </datafield>
  <datafield tag="500" ind1=" " ind2=" ">
    <subfield code="a">&quot;Student consult&quot;--Cover.</subfield>
  </datafield>
</record>