

<record xmlns="http://www.loc.gov/MARC21/slim"
xmlns:xsi="http://www.w3.org/2001/XMLSchema-instance"
xsi:schemaLocation="http://www.loc.gov/MARC21/slim
http://www.loc.gov/standards/marcxml/schema/MARC21slim.xsd">
  <leader>02494cam  2200577Ia 4500</leader>
  <controlfield tag="001">032526921</controlfield>
  <datafield tag="245" ind1="0" ind2="0">
    <subfield code="a">Dubois&apos; lupus erythematosus and related syndromes</subfield>
    <subfield code="h">[electronic resource] /</subfield>
    <subfield code="c">edited by Daniel J Wallace, Bevra Hannahs Hahn ; associate editors, David Isenburg ... [et al.].</subfield>
  </datafield>
  <datafield tag="500" ind1=" " ind2=" ">
    <subfield code="a">Rev. ed. of: Dubois&apos; lupus erythematosus / editors, Daniel J. Wallace, Bevra Hannahs Hahn. 7th ed. c2007.</subfield>
  </datafield>
</record>