

<record xmlns="http://www.loc.gov/MARC21/slim"
xmlns:xsi="http://www.w3.org/2001/XMLSchema-instance"
xsi:schemaLocation="http://www.loc.gov/MARC21/slim
http://www.loc.gov/standards/marcxml/schema/MARC21slim.xsd">
  <leader>02237cam  2200505Ma 4500</leader>
  <controlfield tag="001">032526915</controlfield>
  <datafield tag="245" ind1="0" ind2="0">
    <subfield code="a">Video atlas of advanced minimally invasive surgery</subfield>
    <subfield code="h">[electronic resource] /</subfield>
    <subfield code="c">[edited by] Constantine T. Frantzides, Mark A. Carlson ; illustrations by DNA Illustrations, Inc.</subfield>
  </datafield>
  <datafield tag="500" ind1=" " ind2=" ">
    <subfield code="a">Companion vol. to: Atlas of minimally invasive surgery / [edited by] Constantine T. Frantzides, Mark A. Carlson. c2009.</subfield>
  </datafield>
</record>