

<record xmlns="http://www.loc.gov/MARC21/slim"
xmlns:xsi="http://www.w3.org/2001/XMLSchema-instance"
xsi:schemaLocation="http://www.loc.gov/MARC21/slim
http://www.loc.gov/standards/marcxml/schema/MARC21slim.xsd">
  <leader>05751cam  2200541Ka 4500</leader>
  <controlfield tag="001">032526910</controlfield>
  <datafield tag="245" ind1="0" ind2="0">
    <subfield code="a">Vascular medicine</subfield>
    <subfield code="h">[electronic resource] :</subfield>
    <subfield code="b">a companion to Braunwald&apos;s heart disease /</subfield>
    <subfield code="c">[edited by] Mark Creager, Joshua A. Beckman, Joseph Loscalzo.</subfield>
  </datafield>
  <datafield tag="500" ind1=" " ind2=" ">
    <subfield code="a">Includes index.</subfield>
  </datafield>
</record>