

<record xmlns="http://www.loc.gov/MARC21/slim"
xmlns:xsi="http://www.w3.org/2001/XMLSchema-instance"
xsi:schemaLocation="http://www.loc.gov/MARC21/slim
http://www.loc.gov/standards/marcxml/schema/MARC21slim.xsd">
  <leader>02780cam  2200709Ia 4500</leader>
  <controlfield tag="001">032526871</controlfield>
  <datafield tag="245" ind1="0" ind2="0">
    <subfield code="a">Medicine</subfield>
    <subfield code="h">[electronic resource] :</subfield>
    <subfield code="b">a competency-based companion /</subfield>
    <subfield code="c">[edited by] Jessica L. Israel, Allan R. Tunkel.</subfield>
  </datafield>
</record>