

<record xmlns="http://www.loc.gov/MARC21/slim"
xmlns:xsi="http://www.w3.org/2001/XMLSchema-instance"
xsi:schemaLocation="http://www.loc.gov/MARC21/slim
http://www.loc.gov/standards/marcxml/schema/MARC21slim.xsd">
  <leader>02302cam  2200565Ia 4500</leader>
  <controlfield tag="001">032526829</controlfield>
  <datafield tag="245" ind1="0" ind2="0">
    <subfield code="a">Atlas of image-guided spinal procedures</subfield>
    <subfield code="h">[electronic resource] /</subfield>
    <subfield code="c">editor, Michael B. Furman ; associate editors, Thomas S. Lee, Leland Berkwits.</subfield>
  </datafield>
</record>