

<record xmlns="http://www.loc.gov/MARC21/slim"
xmlns:xsi="http://www.w3.org/2001/XMLSchema-instance"
xsi:schemaLocation="http://www.loc.gov/MARC21/slim
http://www.loc.gov/standards/marcxml/schema/MARC21slim.xsd">
  <leader>     ntm  2200433Ii 4500</leader>
  <controlfield tag="001">032524411</controlfield>
  <datafield tag="245" ind1="0" ind2="0">
    <subfield code="a">Lippincott&apos;s Illustrated Reviews: Immunology /</subfield>
    <subfield code="c">by Thao Doan ... [et al.].</subfield>
  </datafield>
</record>