

<record xmlns="http://www.loc.gov/MARC21/slim"
xmlns:xsi="http://www.w3.org/2001/XMLSchema-instance"
xsi:schemaLocation="http://www.loc.gov/MARC21/slim
http://www.loc.gov/standards/marcxml/schema/MARC21slim.xsd">
  <leader>     cam  2200517Ka 4500</leader>
  <controlfield tag="001">032321170</controlfield>
  <datafield tag="245" ind1="0" ind2="0">
    <subfield code="a">Immunology</subfield>
    <subfield code="h">[electronic resource] /</subfield>
    <subfield code="c">David Male ... [et al.].</subfield>
  </datafield>
  <datafield tag="500" ind1=" " ind2=" ">
    <subfield code="a">&quot;Student Consult&quot;--Cover.</subfield>
  </datafield>
</record>