

<record xmlns="http://www.loc.gov/MARC21/slim"
xmlns:xsi="http://www.w3.org/2001/XMLSchema-instance"
xsi:schemaLocation="http://www.loc.gov/MARC21/slim
http://www.loc.gov/standards/marcxml/schema/MARC21slim.xsd">
  <leader>     nam  2200409Ii 4500</leader>
  <controlfield tag="001">032215694</controlfield>
  <datafield tag="245" ind1="0" ind2="0">
    <subfield code="a">Understanding clinical research /</subfield>
    <subfield code="c">editors, Renato D. Lopes, Robert A. Harrington.</subfield>
  </datafield>
</record>