

<record xmlns="http://www.loc.gov/MARC21/slim"
xmlns:xsi="http://www.w3.org/2001/XMLSchema-instance"
xsi:schemaLocation="http://www.loc.gov/MARC21/slim
http://www.loc.gov/standards/marcxml/schema/MARC21slim.xsd">
  <leader>     nam  2200361Ii 4500</leader>
  <controlfield tag="001">032213026</controlfield>
  <datafield tag="245" ind1="0" ind2="4">
    <subfield code="a">The color atlas of family medicine /</subfield>
    <subfield code="c">editors, Richard P. Usatine ... [et al.].</subfield>
  </datafield>
</record>