

<record xmlns="http://www.loc.gov/MARC21/slim"
xmlns:xsi="http://www.w3.org/2001/XMLSchema-instance"
xsi:schemaLocation="http://www.loc.gov/MARC21/slim
http://www.loc.gov/standards/marcxml/schema/MARC21slim.xsd">
  <leader>     cam  2200625Ii 4500</leader>
  <controlfield tag="001">032212828</controlfield>
  <datafield tag="245" ind1="0" ind2="0">
    <subfield code="a">Fitzpatrick&apos;s color atlas and synopsis of clinical dermatology /</subfield>
    <subfield code="c">Klaus Wolff, Richard Allen Johnson, Arturo P. Saavedra.</subfield>
  </datafield>
  <datafield tag="500" ind1=" " ind2=" ">
    <subfield code="a">Includes index.</subfield>
  </datafield>
  <datafield tag="500" ind1=" " ind2=" ">
    <subfield code="a">Includes index.</subfield>
  </datafield>
</record>