

<record xmlns="http://www.loc.gov/MARC21/slim"
xmlns:xsi="http://www.w3.org/2001/XMLSchema-instance"
xsi:schemaLocation="http://www.loc.gov/MARC21/slim
http://www.loc.gov/standards/marcxml/schema/MARC21slim.xsd">
  <leader>     cam  2200529Ii 4500</leader>
  <controlfield tag="001">032086172</controlfield>
  <datafield tag="245" ind1="0" ind2="0">
    <subfield code="a">Ophthalmology /</subfield>
    <subfield code="c">lead editors, Myron Yanoff, MD, Jay S. Duker, MD.</subfield>
  </datafield>
  <datafield tag="500" ind1=" " ind2=" ">
    <subfield code="a">Title from title screen (viewed Mar. 4, 2009).</subfield>
    <subfield code="5">FMFIU</subfield>
  </datafield>
</record>