

<record xmlns="http://www.loc.gov/MARC21/slim"
xmlns:xsi="http://www.w3.org/2001/XMLSchema-instance"
xsi:schemaLocation="http://www.loc.gov/MARC21/slim
http://www.loc.gov/standards/marcxml/schema/MARC21slim.xsd">
  <leader>02294cam  2200517Ia 4500</leader>
  <controlfield tag="001">032030886</controlfield>
  <datafield tag="245" ind1="0" ind2="4">
    <subfield code="a">The Netter collection of medical illustrations.</subfield>
    <subfield code="n">Volume 6,</subfield>
    <subfield code="n">Part I.</subfield>
    <subfield code="p">Upper limb</subfield>
    <subfield code="h">[electronic resource] /</subfield>
    <subfield code="c">a compilation of paintings prepared by Frank H. Netter ; edited by Joseph P. Iannotti, Richard D. Parker ; additional illustrations by Carlos A G. Machado ; contributing illustrators John A. Craig, ... [et al.].</subfield>
  </datafield>
  <datafield tag="500" ind1=" " ind2=" ">
    <subfield code="a">Series previously known as &quot;The Ciba Collection of Medical Illustrations.&quot;</subfield>
  </datafield>
</record>