

<record xmlns="http://www.loc.gov/MARC21/slim"
xmlns:xsi="http://www.w3.org/2001/XMLSchema-instance"
xsi:schemaLocation="http://www.loc.gov/MARC21/slim
http://www.loc.gov/standards/marcxml/schema/MARC21slim.xsd">
  <leader>     cam  2200589 a 4500</leader>
  <controlfield tag="001">031987293</controlfield>
  <datafield tag="245" ind1="0" ind2="0">
    <subfield code="a">Methods for community-based participatory research for health /</subfield>
    <subfield code="c">Barbara A. Israel ... [et al.], editors ; foreword by David Satcher.</subfield>
  </datafield>
  <datafield tag="500" ind1=" " ind2=" ">
    <subfield code="a">Rev. ed. of: Methods in community-based participatory research for health / Barbara A. Israel ... [et al.], editors. 1st ed. c2005.</subfield>
  </datafield>
</record>