

<record xmlns="http://www.loc.gov/MARC21/slim"
xmlns:xsi="http://www.w3.org/2001/XMLSchema-instance"
xsi:schemaLocation="http://www.loc.gov/MARC21/slim
http://www.loc.gov/standards/marcxml/schema/MARC21slim.xsd">
  <leader>     nam  2200493Ia 4500</leader>
  <controlfield tag="001">031822268</controlfield>
  <datafield tag="245" ind1="0" ind2="0">
    <subfield code="a">Current diagnosis &amp; treatment obstetrics &amp; gynecology</subfield>
    <subfield code="h">[electronic resource] /</subfield>
    <subfield code="c">[edited by] Alan H. DeCherney, Lauren Nathan, Neri Laufer, and Ashley S. Roman.</subfield>
  </datafield>
  <datafield tag="500" ind1=" " ind2=" ">
    <subfield code="a">Title from home page (viewed on July 18, 2013).</subfield>
  </datafield>
  <datafield tag="500" ind1=" " ind2=" ">
    <subfield code="a">Originally published in print: New York : McGraw-Hill Medical, c2013.</subfield>
  </datafield>
  <datafield tag="500" ind1=" " ind2=" ">
    <subfield code="a">&quot;Everything that lies between the covers of the eleventh edition of Current Diagnosis &amp; Treatment: Obstetrics &amp; Gynecology has been updated, modified, and modernized from the tenth edition.&quot;</subfield>
  </datafield>
  <datafield tag="500" ind1=" " ind2=" ">
    <subfield code="a">Made available via McGraw-Hill&apos;s AccessMedicine.</subfield>
  </datafield>
</record>