

<record xmlns="http://www.loc.gov/MARC21/slim"
xmlns:xsi="http://www.w3.org/2001/XMLSchema-instance"
xsi:schemaLocation="http://www.loc.gov/MARC21/slim
http://www.loc.gov/standards/marcxml/schema/MARC21slim.xsd">
  <leader>     cam  2200361Ia 4500</leader>
  <controlfield tag="001">031800155</controlfield>
  <datafield tag="245" ind1="0" ind2="0">
    <subfield code="a">Smith &amp; Tanagho&apos;s general urology</subfield>
    <subfield code="h">[electronic resource].</subfield>
  </datafield>
  <datafield tag="500" ind1=" " ind2=" ">
    <subfield code="a">Rev. ed. of: Smith&apos;s general urology. 17th ed. c2008.</subfield>
  </datafield>
</record>