

<record xmlns="http://www.loc.gov/MARC21/slim"
xmlns:xsi="http://www.w3.org/2001/XMLSchema-instance"
xsi:schemaLocation="http://www.loc.gov/MARC21/slim
http://www.loc.gov/standards/marcxml/schema/MARC21slim.xsd">
  <leader>     nam  2200385Ia 4500</leader>
  <controlfield tag="001">031797984</controlfield>
  <datafield tag="245" ind1="0" ind2="0">
    <subfield code="a">Current diagnosis &amp; treatment rheumatology /</subfield>
    <subfield code="h">[electronic resource]</subfield>
    <subfield code="c">editors, John B. Imboden, David B. Hellman, John H. Stone.</subfield>
  </datafield>
</record>