

<record xmlns="http://www.loc.gov/MARC21/slim"
xmlns:xsi="http://www.w3.org/2001/XMLSchema-instance"
xsi:schemaLocation="http://www.loc.gov/MARC21/slim
http://www.loc.gov/standards/marcxml/schema/MARC21slim.xsd">
  <leader>     cgm  2200529 a 4500</leader>
  <controlfield tag="001">031766367</controlfield>
  <datafield tag="245" ind1="0" ind2="0">
    <subfield code="a">Escape fire</subfield>
    <subfield code="h">[videorecording] :</subfield>
    <subfield code="b">the fight to rescue American healthcare /</subfield>
    <subfield code="c">Roadside Attractions ; Aisle C Productions and Our Time Projects ; directed and produced by Matthew Heineman &amp; Susan Froemke.</subfield>
  </datafield>
</record>