

<record xmlns="http://www.loc.gov/MARC21/slim"
xmlns:xsi="http://www.w3.org/2001/XMLSchema-instance"
xsi:schemaLocation="http://www.loc.gov/MARC21/slim
http://www.loc.gov/standards/marcxml/schema/MARC21slim.xsd">
  <leader>02050cas a2200457 i 4500</leader>
  <controlfield tag="001">031600218</controlfield>
  <datafield tag="245" ind1="0" ind2="0">
    <subfield code="a">Annals of the American Thoracic Society</subfield>
    <subfield code="h">[electronic resource].</subfield>
  </datafield>
</record>