

<record xmlns="http://www.loc.gov/MARC21/slim"
xmlns:xsi="http://www.w3.org/2001/XMLSchema-instance"
xsi:schemaLocation="http://www.loc.gov/MARC21/slim
http://www.loc.gov/standards/marcxml/schema/MARC21slim.xsd">
  <leader>     nam  2200469Ka 4500</leader>
  <controlfield tag="001">031455183</controlfield>
  <datafield tag="245" ind1="0" ind2="0">
    <subfield code="a">Wall and Melzack&apos;s textbook of pain</subfield>
    <subfield code="h">[electronic resource] /</subfield>
    <subfield code="c">edited by Stephen B. McMahon ... [et al.].</subfield>
  </datafield>
  <datafield tag="500" ind1=" " ind2=" ">
    <subfield code="a">McMahon&apos;s name appears first on the 5th edition.</subfield>
  </datafield>
</record>