

<record xmlns="http://www.loc.gov/MARC21/slim"
xmlns:xsi="http://www.w3.org/2001/XMLSchema-instance"
xsi:schemaLocation="http://www.loc.gov/MARC21/slim
http://www.loc.gov/standards/marcxml/schema/MARC21slim.xsd">
  <leader>02426cas a2200553 a 4500</leader>
  <controlfield tag="001">031366415</controlfield>
  <datafield tag="245" ind1="0" ind2="4">
    <subfield code="a">The bone &amp; joint journal</subfield>
    <subfield code="h">[electronic resource] .</subfield>
  </datafield>
</record>