

<record xmlns="http://www.loc.gov/MARC21/slim"
xmlns:xsi="http://www.w3.org/2001/XMLSchema-instance"
xsi:schemaLocation="http://www.loc.gov/MARC21/slim
http://www.loc.gov/standards/marcxml/schema/MARC21slim.xsd">
  <leader>02485cam  2200613Ka 4500</leader>
  <controlfield tag="001">031025859</controlfield>
  <datafield tag="245" ind1="0" ind2="0">
    <subfield code="a">Handbook for Stoelting&apos;s anesthesia and co-existing disease</subfield>
    <subfield code="h">[electronic resource] /</subfield>
    <subfield code="c">[edited by] Roberta L. Hines, Katherine E. Marschall.</subfield>
  </datafield>
  <datafield tag="500" ind1=" " ind2=" ">
    <subfield code="a">Companion to: Stoelting&apos;s anesthesia and co-existing disease. 6th ed. c2012.</subfield>
  </datafield>
</record>