

<record xmlns="http://www.loc.gov/MARC21/slim"
xmlns:xsi="http://www.w3.org/2001/XMLSchema-instance"
xsi:schemaLocation="http://www.loc.gov/MARC21/slim
http://www.loc.gov/standards/marcxml/schema/MARC21slim.xsd">
  <leader>     cam  2200613Ki 4500</leader>
  <controlfield tag="001">030990136</controlfield>
  <datafield tag="245" ind1="0" ind2="0">
    <subfield code="a">Harrison&apos;s manual of medicine /</subfield>
    <subfield code="c">editors, Dan L. Longo, Anthony S. Fauci, Dennis L. Kasper, Stephen L. Hauser, J. Larry Jameson, Joseph Loscalzo.</subfield>
  </datafield>
  <datafield tag="500" ind1=" " ind2=" ">
    <subfield code="a">Includes index.</subfield>
  </datafield>
  <datafield tag="500" ind1=" " ind2=" ">
    <subfield code="a">Title from Ucentral title page (viewed Feb. 1, 2013).</subfield>
    <subfield code="5">FTaSU</subfield>
  </datafield>
</record>