

<record xmlns="http://www.loc.gov/MARC21/slim"
xmlns:xsi="http://www.w3.org/2001/XMLSchema-instance"
xsi:schemaLocation="http://www.loc.gov/MARC21/slim
http://www.loc.gov/standards/marcxml/schema/MARC21slim.xsd">
  <leader>01997cam  2200529Ka 4500</leader>
  <controlfield tag="001">030980821</controlfield>
  <datafield tag="245" ind1="0" ind2="0">
    <subfield code="a">Kirklin/Barratt-Boyes cardiac surgery</subfield>
    <subfield code="h">[electronic resource] :</subfield>
    <subfield code="b">morphology, diagnostic criteria, natural history, techniques, results, and indications /</subfield>
    <subfield code="c">Nicholas T. Kouchoukos ... [et al.].</subfield>
  </datafield>
</record>