

<record xmlns="http://www.loc.gov/MARC21/slim"
xmlns:xsi="http://www.w3.org/2001/XMLSchema-instance"
xsi:schemaLocation="http://www.loc.gov/MARC21/slim
http://www.loc.gov/standards/marcxml/schema/MARC21slim.xsd">
  <leader>01425nam  2200361 a 4500</leader>
  <controlfield tag="001">030976631</controlfield>
  <datafield tag="245" ind1="0" ind2="0">
    <subfield code="a">Atlas of surgical techniques for the colon, rectum, and anus</subfield>
    <subfield code="h">[electronic resource] /</subfield>
    <subfield code="c">editors, James W. Fleshman ... [et al.].</subfield>
  </datafield>
  <datafield tag="500" ind1=" " ind2=" ">
    <subfield code="a">&quot;Expert consult.&quot;</subfield>
  </datafield>
</record>