

<record xmlns="http://www.loc.gov/MARC21/slim"
xmlns:xsi="http://www.w3.org/2001/XMLSchema-instance"
xsi:schemaLocation="http://www.loc.gov/MARC21/slim
http://www.loc.gov/standards/marcxml/schema/MARC21slim.xsd">
  <leader>01250nam  2200325 a 4500</leader>
  <controlfield tag="001">030976602</controlfield>
  <datafield tag="245" ind1="0" ind2="0">
    <subfield code="a">Colorectal surgery</subfield>
    <subfield code="h">[electronic resource] /</subfield>
    <subfield code="c">H. Randolph Bailey ... [et al.].</subfield>
  </datafield>
  <datafield tag="500" ind1=" " ind2=" ">
    <subfield code="a">&quot;Expert consult title.&quot;</subfield>
  </datafield>
</record>