

<record xmlns="http://www.loc.gov/MARC21/slim"
xmlns:xsi="http://www.w3.org/2001/XMLSchema-instance"
xsi:schemaLocation="http://www.loc.gov/MARC21/slim
http://www.loc.gov/standards/marcxml/schema/MARC21slim.xsd">
  <leader>01511nam  2200445Ka 4500</leader>
  <controlfield tag="001">030976091</controlfield>
  <datafield tag="245" ind1="0" ind2="0">
    <subfield code="a">Rural aging in 21st Century America</subfield>
    <subfield code="h">[electronic resource] /</subfield>
    <subfield code="c">Nina Glasgow, E. Helen Berry, editors ; with technical assistance from Edmund J. V. Oh.</subfield>
  </datafield>
</record>