

<record xmlns="http://www.loc.gov/MARC21/slim"
xmlns:xsi="http://www.w3.org/2001/XMLSchema-instance"
xsi:schemaLocation="http://www.loc.gov/MARC21/slim
http://www.loc.gov/standards/marcxml/schema/MARC21slim.xsd">
  <leader>     cam  2200349Ka 4500</leader>
  <controlfield tag="001">030833940</controlfield>
  <datafield tag="245" ind1="0" ind2="0">
    <subfield code="a">Duane&apos;s Ophthalmology</subfield>
    <subfield code="h">[electronic resource] /</subfield>
    <subfield code="c">editors, William Tasman, Edward A. Jaeger.</subfield>
  </datafield>
  <datafield tag="500" ind1=" " ind2=" ">
    <subfield code="a">Title from title screen (Ovid, viewed on November 12, 2012).</subfield>
  </datafield>
</record>