

<record xmlns="http://www.loc.gov/MARC21/slim"
xmlns:xsi="http://www.w3.org/2001/XMLSchema-instance"
xsi:schemaLocation="http://www.loc.gov/MARC21/slim
http://www.loc.gov/standards/marcxml/schema/MARC21slim.xsd">
  <leader>     nam  22003254a 4500</leader>
  <controlfield tag="001">030820052</controlfield>
  <datafield tag="245" ind1="0" ind2="0">
    <subfield code="a">Emergency medicine</subfield>
    <subfield code="h">[electronic resouce] :</subfield>
    <subfield code="b">clinical essentials /</subfield>
    <subfield code="c">editor, James G. Adams ;associate editors, Erik D. Barton ... [et al.].</subfield>
  </datafield>
  <datafield tag="500" ind1=" " ind2=" ">
    <subfield code="a">Previous ed.: 2008.</subfield>
  </datafield>
  <datafield tag="500" ind1=" " ind2=" ">
    <subfield code="a">Includes index.</subfield>
  </datafield>
</record>