

<record xmlns="http://www.loc.gov/MARC21/slim"
xmlns:xsi="http://www.w3.org/2001/XMLSchema-instance"
xsi:schemaLocation="http://www.loc.gov/MARC21/slim
http://www.loc.gov/standards/marcxml/schema/MARC21slim.xsd">
  <leader>     cam  2200373Ia 4500</leader>
  <datafield tag="245" ind1="0" ind2="0">
    <subfield code="a">Fundamental neuroscience /</subfield>
    <subfield code="c">edited by Larry Squire [and others].</subfield>
  </datafield>
</record>