

<record xmlns="http://www.loc.gov/MARC21/slim"
xmlns:xsi="http://www.w3.org/2001/XMLSchema-instance"
xsi:schemaLocation="http://www.loc.gov/MARC21/slim
http://www.loc.gov/standards/marcxml/schema/MARC21slim.xsd">
  <leader>     nam  22004574a 4500</leader>
  <controlfield tag="001">030775827</controlfield>
  <datafield tag="245" ind1="0" ind2="0">
    <subfield code="a">Current medical diagnosis &amp; treatment 2013</subfield>
    <subfield code="h">[electronic resource] /</subfield>
    <subfield code="c">edited by Stephen J. McPhee, Maxine A. Papadakis ;assoc. editor, Michael W. Rabow.</subfield>
  </datafield>
  <datafield tag="500" ind1=" " ind2=" ">
    <subfield code="a">Title from AccessMedicine title page (viewed Oct. 19, 2012)</subfield>
  </datafield>
</record>