

<record xmlns="http://www.loc.gov/MARC21/slim"
xmlns:xsi="http://www.w3.org/2001/XMLSchema-instance"
xsi:schemaLocation="http://www.loc.gov/MARC21/slim
http://www.loc.gov/standards/marcxml/schema/MARC21slim.xsd">
  <leader>     cam  22003498a 4500</leader>
  <controlfield tag="001">030772128</controlfield>
  <datafield tag="245" ind1="0" ind2="0">
    <subfield code="a">Principles of neural science /</subfield>
    <subfield code="c">edited by Eric R. Kandel ... [et al.] ; art editor, Sarah Mack.</subfield>
  </datafield>
</record>