

<record xmlns="http://www.loc.gov/MARC21/slim"
xmlns:xsi="http://www.w3.org/2001/XMLSchema-instance"
xsi:schemaLocation="http://www.loc.gov/MARC21/slim
http://www.loc.gov/standards/marcxml/schema/MARC21slim.xsd">
  <leader>01315nam  2200337Ia 4500</leader>
  <controlfield tag="001">030771261</controlfield>
  <datafield tag="245" ind1="0" ind2="0">
    <subfield code="a">Atlas of clinical gross anatomy</subfield>
    <subfield code="h">[electronic resource] /</subfield>
    <subfield code="c">Kenneth P. Moses ... [et al.] ; prosections of the head, neck, and trunk prepared by Martein Moningka.</subfield>
  </datafield>
  <datafield tag="500" ind1=" " ind2=" ">
    <subfield code="a">Includes index.</subfield>
  </datafield>
</record>