

<record xmlns="http://www.loc.gov/MARC21/slim"
xmlns:xsi="http://www.w3.org/2001/XMLSchema-instance"
xsi:schemaLocation="http://www.loc.gov/MARC21/slim
http://www.loc.gov/standards/marcxml/schema/MARC21slim.xsd">
  <leader>02680cam  2200553Ia 4500</leader>
  <controlfield tag="001">032526757</controlfield>
  <datafield tag="245" ind1="1" ind2="0">
    <subfield code="a">Elsevier&apos;s integrated review.</subfield>
    <subfield code="p">Immunology and microbiology</subfield>
    <subfield code="h">[electronic resource] /</subfield>
    <subfield code="c">Jeffrey K. Actor.</subfield>
  </datafield>
  <datafield tag="500" ind1=" " ind2=" ">
    <subfield code="a">Rev. ed. of: Elsevier&apos;s integrated immunology and microbiology / Jeffrey K. Actor. c2007.</subfield>
  </datafield>
  <datafield tag="500" ind1=" " ind2=" ">
    <subfield code="a">Includes index.</subfield>
  </datafield>
</record>