

<record xmlns="http://www.loc.gov/MARC21/slim"
xmlns:xsi="http://www.w3.org/2001/XMLSchema-instance"
xsi:schemaLocation="http://www.loc.gov/MARC21/slim
http://www.loc.gov/standards/marcxml/schema/MARC21slim.xsd">
  <leader>03154cam  2200577Ia 4500</leader>
  <controlfield tag="001">032526782</controlfield>
  <datafield tag="245" ind1="1" ind2="0">
    <subfield code="a">Gass&apos; atlas of macular diseases</subfield>
    <subfield code="h">[electronic resource] /</subfield>
    <subfield code="c">Anita Agarwal.</subfield>
  </datafield>
  <datafield tag="500" ind1=" " ind2=" ">
    <subfield code="a">&quot;Expert consult&quot;--Cover.</subfield>
  </datafield>
  <datafield tag="500" ind1=" " ind2=" ">
    <subfield code="a">Rev. ed. of: Stereoscopic atlas of macular diseases / J. Donald M. Gass. 4th ed. c1997.</subfield>
  </datafield>
</record>