

<record xmlns="http://www.loc.gov/MARC21/slim"
xmlns:xsi="http://www.w3.org/2001/XMLSchema-instance"
xsi:schemaLocation="http://www.loc.gov/MARC21/slim
http://www.loc.gov/standards/marcxml/schema/MARC21slim.xsd">
  <leader>02625cam  2200589Ia 4500</leader>
  <controlfield tag="001">032526830</controlfield>
  <datafield tag="245" ind1="1" ind2="4">
    <subfield code="a">The Netter collection of medical illustrations.</subfield>
    <subfield code="n">Volume 4,</subfield>
    <subfield code="p">Integumentary system</subfield>
    <subfield code="h">[electronic resource] /</subfield>
    <subfield code="c">a compilation of paintings prepared by Frank H. Netter ; authored by Bryan E. Anderson ; additional illustrations by Carlos A.G. Machado ; contributing illustrators, Tiffany S. DaVanzo ... [et al.].</subfield>
  </datafield>
</record>