

<record xmlns="http://www.loc.gov/MARC21/slim"
xmlns:xsi="http://www.w3.org/2001/XMLSchema-instance"
xsi:schemaLocation="http://www.loc.gov/MARC21/slim
http://www.loc.gov/standards/marcxml/schema/MARC21slim.xsd">
  <leader>     cam  2200565Ia 4500</leader>
  <controlfield tag="001">025524424</controlfield>
  <datafield tag="245" ind1="1" ind2="0">
    <subfield code="a">Duus&apos; topical diagnosis in neurology</subfield>
    <subfield code="h">[electronic resource] :</subfield>
    <subfield code="b">anatomy, physiology, signs, symptoms /</subfield>
    <subfield code="c">Mathias Baehr, Michael Frotscher ; with contributions by Wilhelm Kueker ; founding author, Peter Duus ; 400 illustrations by Gerhard Spitzer and Barbara Gay.</subfield>
  </datafield>
  <datafield tag="500" ind1=" " ind2=" ">
    <subfield code="a">Title from Thieme&apos;s title page (viewed Feb. 9, 2012).</subfield>
    <subfield code="5">FTaSU</subfield>
  </datafield>
  <datafield tag="500" ind1=" " ind2=" ">
    <subfield code="a">Rev. translation of the 8th German ed. c2003.</subfield>
    <subfield code="5">FTaSU</subfield>
  </datafield>
  <datafield tag="500" ind1=" " ind2=" ">
    <subfield code="a">&quot;An authorized and revised translation of the 9th German edition ... c2009&quot;--P. iv.</subfield>
  </datafield>
  <datafield tag="500" ind1=" " ind2=" ">
    <subfield code="a">&quot;4th edition translated by Ethan Taub ... Updates translated by Geraldine O&apos;Sullivan&quot;--P. iv.</subfield>
  </datafield>
</record>