

<record xmlns="http://www.loc.gov/MARC21/slim"
xmlns:xsi="http://www.w3.org/2001/XMLSchema-instance"
xsi:schemaLocation="http://www.loc.gov/MARC21/slim
http://www.loc.gov/standards/marcxml/schema/MARC21slim.xsd">
  <leader>04542cam  2200421Ka 4500</leader>
  <controlfield tag="001">027466216</controlfield>
  <datafield tag="245" ind1="1" ind2="0">
    <subfield code="a">Fundamentals of sleep medicine</subfield>
    <subfield code="h">[electronic resource] /</subfield>
    <subfield code="c">Richard B. Berry.</subfield>
  </datafield>
</record>