

<record xmlns="http://www.loc.gov/MARC21/slim"
xmlns:xsi="http://www.w3.org/2001/XMLSchema-instance"
xsi:schemaLocation="http://www.loc.gov/MARC21/slim
http://www.loc.gov/standards/marcxml/schema/MARC21slim.xsd">
  <leader>     cam  2200493Ma 4500</leader>
  <controlfield tag="001">032228506</controlfield>
  <datafield tag="245" ind1="1" ind2="0">
    <subfield code="a">Color atlas of ultrasound anatomy</subfield>
    <subfield code="h">[electronic resource] /</subfield>
    <subfield code="c">Berthold Block ; [translator, Terry C. Telger].</subfield>
  </datafield>
  <datafield tag="500" ind1=" " ind2=" ">
    <subfield code="a">Specialty: Radiology.</subfield>
  </datafield>
</record>