

<record xmlns="http://www.loc.gov/MARC21/slim"
xmlns:xsi="http://www.w3.org/2001/XMLSchema-instance"
xsi:schemaLocation="http://www.loc.gov/MARC21/slim
http://www.loc.gov/standards/marcxml/schema/MARC21slim.xsd">
  <leader>     cam  2200517 a 4500</leader>
  <controlfield tag="001">030362099</controlfield>
  <datafield tag="245" ind1="1" ind2="0">
    <subfield code="a">Understanding health policy :</subfield>
    <subfield code="b">a clinical approach /</subfield>
    <subfield code="c">Thomas Bodenheimer, Kevin Grumbach.</subfield>
  </datafield>
  <datafield tag="500" ind1=" " ind2=" ">
    <subfield code="a">ON ORDER</subfield>
    <subfield code="5">FU</subfield>
  </datafield>
  <datafield tag="500" ind1=" " ind2=" ">
    <subfield code="a">&quot;A Lange medical book&quot;</subfield>
  </datafield>
</record>