

<record xmlns="http://www.loc.gov/MARC21/slim"
xmlns:xsi="http://www.w3.org/2001/XMLSchema-instance"
xsi:schemaLocation="http://www.loc.gov/MARC21/slim
http://www.loc.gov/standards/marcxml/schema/MARC21slim.xsd">
  <leader>05834cam  2200661Mi 4500</leader>
  <controlfield tag="001">033017750</controlfield>
  <datafield tag="245" ind1="1" ind2="0">
    <subfield code="a">Breast Imaging</subfield>
    <subfield code="h">[electronic resource] :</subfield>
    <subfield code="b">Case Review Series.</subfield>
  </datafield>
  <datafield tag="500" ind1=" " ind2=" ">
    <subfield code="a">Cross-Reference.</subfield>
  </datafield>
</record>