

<record xmlns="http://www.loc.gov/MARC21/slim"
xmlns:xsi="http://www.w3.org/2001/XMLSchema-instance"
xsi:schemaLocation="http://www.loc.gov/MARC21/slim
http://www.loc.gov/standards/marcxml/schema/MARC21slim.xsd">
  <leader>04909cam  2200505Ia 4500</leader>
  <controlfield tag="001">032526773</controlfield>
  <datafield tag="245" ind1="1" ind2="0">
    <subfield code="a">Clinical trials</subfield>
    <subfield code="h">[electronic resource] :</subfield>
    <subfield code="b">study design, endpoints and biomarkers, drug safety, and FDA and ICH guidelines /</subfield>
    <subfield code="c">by Tom Brody.</subfield>
  </datafield>
</record>