

<record xmlns="http://www.loc.gov/MARC21/slim"
xmlns:xsi="http://www.w3.org/2001/XMLSchema-instance"
xsi:schemaLocation="http://www.loc.gov/MARC21/slim
http://www.loc.gov/standards/marcxml/schema/MARC21slim.xsd">
  <leader>02205cam  2200397Ma 4500</leader>
  <controlfield tag="001">030649112</controlfield>
  <datafield tag="245" ind1="1" ind2="0">
    <subfield code="a">USMLE step 1 secrets</subfield>
    <subfield code="h">[electronic resource] /</subfield>
    <subfield code="c">Thomas A. Brown, Sonali J. Shah.</subfield>
  </datafield>
</record>