

<record xmlns="http://www.loc.gov/MARC21/slim"
xmlns:xsi="http://www.w3.org/2001/XMLSchema-instance"
xsi:schemaLocation="http://www.loc.gov/MARC21/slim
http://www.loc.gov/standards/marcxml/schema/MARC21slim.xsd">
  <leader>02416cam  2200517La 4500</leader>
  <controlfield tag="001">032526783</controlfield>
  <datafield tag="245" ind1="1" ind2="0">
    <subfield code="a">Buchwald&apos;s atlas of metabolic and bariatric surgical techniques and procedures</subfield>
    <subfield code="h">[electronic resource] /</subfield>
    <subfield code="c">Henry Buchwald ; with illustrations by Michael de la Flor.</subfield>
  </datafield>
  <datafield tag="500" ind1=" " ind2=" ">
    <subfield code="a">&quot;Expert consult&quot;--Cover.</subfield>
  </datafield>
</record>