

<record xmlns="http://www.loc.gov/MARC21/slim"
xmlns:xsi="http://www.w3.org/2001/XMLSchema-instance"
xsi:schemaLocation="http://www.loc.gov/MARC21/slim
http://www.loc.gov/standards/marcxml/schema/MARC21slim.xsd">
  <leader>05979cam  2200709La 4500</leader>
  <controlfield tag="001">032526705</controlfield>
  <datafield tag="245" ind1="1" ind2="0">
    <subfield code="a">Molecular biology techniques</subfield>
    <subfield code="h">[electronic resource] :</subfield>
    <subfield code="b">a classroom laboratory manual /</subfield>
    <subfield code="c">Susan Carson, Heather Miller, D. Scott Witherow.</subfield>
  </datafield>
  <datafield tag="500" ind1=" " ind2=" ">
    <subfield code="a">Rev. of: Manipulation and expression of recombinant DNA / Susan Carson, Dominique Robertson. 2nd ed. c2006.</subfield>
  </datafield>
</record>