

<record xmlns="http://www.loc.gov/MARC21/slim"
xmlns:xsi="http://www.w3.org/2001/XMLSchema-instance"
xsi:schemaLocation="http://www.loc.gov/MARC21/slim
http://www.loc.gov/standards/marcxml/schema/MARC21slim.xsd">
  <leader>     cam  2200469Ka 4500</leader>
  <controlfield tag="001">031063487</controlfield>
  <datafield tag="245" ind1="1" ind2="0">
    <subfield code="a">Physics in nuclear medicine</subfield>
    <subfield code="h">[electronic resource] /</subfield>
    <subfield code="c">Simon R. Cherry, James A. Sorenson, Michael E. Phelps.</subfield>
  </datafield>
</record>