

<record xmlns="http://www.loc.gov/MARC21/slim"
xmlns:xsi="http://www.w3.org/2001/XMLSchema-instance"
xsi:schemaLocation="http://www.loc.gov/MARC21/slim
http://www.loc.gov/standards/marcxml/schema/MARC21slim.xsd">
  <leader>02160cam  2200517La 4500</leader>
  <controlfield tag="001">032527040</controlfield>
  <datafield tag="245" ind1="1" ind2="0">
    <subfield code="a">Netter&apos;s introduction to imaging</subfield>
    <subfield code="h">[electronic resource] /</subfield>
    <subfield code="c">Larry R. Cochard ... [et al.] ; illustrations by Frank H. Netter ; contributing illustrator, Carlos A.G. Machado.</subfield>
  </datafield>
</record>