

<record xmlns="http://www.loc.gov/MARC21/slim"
xmlns:xsi="http://www.w3.org/2001/XMLSchema-instance"
xsi:schemaLocation="http://www.loc.gov/MARC21/slim
http://www.loc.gov/standards/marcxml/schema/MARC21slim.xsd">
  <leader>01409nam  2200349 a 4500</leader>
  <controlfield tag="001">030772478</controlfield>
  <datafield tag="245" ind1="1" ind2="0">
    <subfield code="a">Netter&apos;s atlas of human embryology</subfield>
    <subfield code="h">[electronic resource] /</subfield>
    <subfield code="c">Larry R. Cochard ; illustrations by Frank H. Netter ; contributing illustrators John A. Craig, Carlos A.G. Machado.</subfield>
  </datafield>
  <datafield tag="500" ind1=" " ind2=" ">
    <subfield code="a">&quot;Student Consult.&quot;</subfield>
  </datafield>
  <datafield tag="500" ind1=" " ind2=" ">
    <subfield code="a">Includes index.</subfield>
  </datafield>
</record>