

<record xmlns="http://www.loc.gov/MARC21/slim"
xmlns:xsi="http://www.w3.org/2001/XMLSchema-instance"
xsi:schemaLocation="http://www.loc.gov/MARC21/slim
http://www.loc.gov/standards/marcxml/schema/MARC21slim.xsd">
  <leader>02015cam  2200505Ia 4500</leader>
  <controlfield tag="001">032526840</controlfield>
  <datafield tag="245" ind1="1" ind2="0">
    <subfield code="a">Cardiac surgery</subfield>
    <subfield code="h">[electronic resource] :</subfield>
    <subfield code="b">operative technique /</subfield>
    <subfield code="c">Donald B. Doty, John R. Doty ; with illustrations by Jill Rhead, Christy Krames.</subfield>
  </datafield>
  <datafield tag="500" ind1=" " ind2=" ">
    <subfield code="a">Includes index.</subfield>
  </datafield>
</record>