

<record xmlns="http://www.loc.gov/MARC21/slim"
xmlns:xsi="http://www.w3.org/2001/XMLSchema-instance"
xsi:schemaLocation="http://www.loc.gov/MARC21/slim
http://www.loc.gov/standards/marcxml/schema/MARC21slim.xsd">
  <leader>02240cam  2200469Mi 4500</leader>
  <controlfield tag="001">033017745</controlfield>
  <datafield tag="245" ind1="1" ind2="0">
    <subfield code="a">Gray&apos;s Basic Anatomy</subfield>
    <subfield code="h">[electronic resource] :</subfield>
    <subfield code="b">with STUDENT CONSULT Online Access.</subfield>
  </datafield>
</record>