

<record xmlns="http://www.loc.gov/MARC21/slim"
xmlns:xsi="http://www.w3.org/2001/XMLSchema-instance"
xsi:schemaLocation="http://www.loc.gov/MARC21/slim
http://www.loc.gov/standards/marcxml/schema/MARC21slim.xsd">
  <leader>01304cam  2200373Ma 4500</leader>
  <controlfield tag="001">032526896</controlfield>
  <datafield tag="245" ind1="1" ind2="0">
    <subfield code="a">Gray&apos;s basic anatomy</subfield>
    <subfield code="h">[electronic resource] /</subfield>
    <subfield code="c">by Richard Drake, A. Wayne Vogl, Adam W.M. Mitchell.</subfield>
  </datafield>
  <datafield tag="500" ind1=" " ind2=" ">
    <subfield code="a">Includes Internet access.</subfield>
  </datafield>
</record>