

<record xmlns="http://www.loc.gov/MARC21/slim"
xmlns:xsi="http://www.w3.org/2001/XMLSchema-instance"
xsi:schemaLocation="http://www.loc.gov/MARC21/slim
http://www.loc.gov/standards/marcxml/schema/MARC21slim.xsd">
  <leader>02654cam  2200613Ma 4500</leader>
  <controlfield tag="001">032526771</controlfield>
  <datafield tag="245" ind1="1" ind2="4">
    <subfield code="a">The teaching files.</subfield>
    <subfield code="p">Brain and spine imaging</subfield>
    <subfield code="h">[electronic resource] /</subfield>
    <subfield code="c">Girish M. Fatterpekar, Thomas P. Naidich, Peter M. Som.</subfield>
  </datafield>
</record>