

<record xmlns="http://www.loc.gov/MARC21/slim"
xmlns:xsi="http://www.w3.org/2001/XMLSchema-instance"
xsi:schemaLocation="http://www.loc.gov/MARC21/slim
http://www.loc.gov/standards/marcxml/schema/MARC21slim.xsd">
  <leader>02251cam  2200505Ma 4500</leader>
  <controlfield tag="001">032526795</controlfield>
  <datafield tag="245" ind1="1" ind2="0">
    <subfield code="a">Diagnostic atlas of renal pathology</subfield>
    <subfield code="h">[electronic resource] :</subfield>
    <subfield code="b">a companion to Brenner &amp; Rector&apos;s the Kidney, 9th edition /</subfield>
    <subfield code="c">Agnes B. Fogo, Michael Kashgarian.</subfield>
  </datafield>
  <datafield tag="500" ind1=" " ind2=" ">
    <subfield code="a">Companion vol. to Brenner &amp; Rector&apos;s the kidney / edited by Barry M. Brenner. 9th ed. c2012.</subfield>
  </datafield>
</record>