

<record xmlns="http://www.loc.gov/MARC21/slim"
xmlns:xsi="http://www.w3.org/2001/XMLSchema-instance"
xsi:schemaLocation="http://www.loc.gov/MARC21/slim
http://www.loc.gov/standards/marcxml/schema/MARC21slim.xsd">
  <leader>01968cam  2200517La 4500</leader>
  <controlfield tag="001">032526817</controlfield>
  <datafield tag="245" ind1="1" ind2="0">
    <subfield code="a">Case reviews in ophthalmology</subfield>
    <subfield code="h">[electronic resource] /</subfield>
    <subfield code="c">Neil J. Friedman, Peter K. Kaiser.</subfield>
  </datafield>
  <datafield tag="500" ind1=" " ind2=" ">
    <subfield code="a">&quot;Expert Consult.&quot;</subfield>
  </datafield>
  <datafield tag="500" ind1=" " ind2=" ">
    <subfield code="a">Includes indexes.</subfield>
  </datafield>
</record>