

<record xmlns="http://www.loc.gov/MARC21/slim"
xmlns:xsi="http://www.w3.org/2001/XMLSchema-instance"
xsi:schemaLocation="http://www.loc.gov/MARC21/slim
http://www.loc.gov/standards/marcxml/schema/MARC21slim.xsd">
  <leader>05778cam  2200661Mu 4500</leader>
  <controlfield tag="001">033017753</controlfield>
  <datafield tag="245" ind1="1" ind2="0">
    <subfield code="a">Churchill&apos;s Pocketbook of Diabetes</subfield>
    <subfield code="h">[electronic resource].</subfield>
  </datafield>
  <datafield tag="500" ind1=" " ind2=" ">
    <subfield code="a">Description based upon print version of record.</subfield>
  </datafield>
  <datafield tag="500" ind1=" " ind2=" ">
    <subfield code="a">Mediterranean diet</subfield>
  </datafield>
</record>