

<record xmlns="http://www.loc.gov/MARC21/slim"
xmlns:xsi="http://www.w3.org/2001/XMLSchema-instance"
xsi:schemaLocation="http://www.loc.gov/MARC21/slim
http://www.loc.gov/standards/marcxml/schema/MARC21slim.xsd">
  <leader>04380cam  22007338i 4500</leader>
  <controlfield tag="001">032341207</controlfield>
  <datafield tag="245" ind1="1" ind2="0">
    <subfield code="a">Common errors in statistics (and how to avoid them) /</subfield>
    <subfield code="c">Phillip I. Good, Statcourse.com, Huntington Beach, CA, James W. Hardin, Dept. of Epidemiology &amp; Biostatistics, University of South Carolina, Columbia, SC.</subfield>
  </datafield>
</record>