

<record xmlns="http://www.loc.gov/MARC21/slim"
xmlns:xsi="http://www.w3.org/2001/XMLSchema-instance"
xsi:schemaLocation="http://www.loc.gov/MARC21/slim
http://www.loc.gov/standards/marcxml/schema/MARC21slim.xsd">
  <leader>01238nam  2200313Ia 4500</leader>
  <controlfield tag="001">030976596</controlfield>
  <datafield tag="245" ind1="1" ind2="0">
    <subfield code="a">Atlas of ultrasound-guided regional anesthesia</subfield>
    <subfield code="h">[electronic resource] /</subfield>
    <subfield code="c">Andrew T. Gray.</subfield>
  </datafield>
</record>