

<record xmlns="http://www.loc.gov/MARC21/slim"
xmlns:xsi="http://www.w3.org/2001/XMLSchema-instance"
xsi:schemaLocation="http://www.loc.gov/MARC21/slim
http://www.loc.gov/standards/marcxml/schema/MARC21slim.xsd">
  <leader>01669cam  2200457Ia 4500</leader>
  <controlfield tag="001">032526897</controlfield>
  <datafield tag="245" ind1="1" ind2="0">
    <subfield code="a">Rhinoplasty</subfield>
    <subfield code="h">[electronic resource] /</subfield>
    <subfield code="c">Bahman Guyuron.</subfield>
  </datafield>
</record>