

<record xmlns="http://www.loc.gov/MARC21/slim"
xmlns:xsi="http://www.w3.org/2001/XMLSchema-instance"
xsi:schemaLocation="http://www.loc.gov/MARC21/slim
http://www.loc.gov/standards/marcxml/schema/MARC21slim.xsd">
  <leader>     cam  22004454a 4500</leader>
  <controlfield tag="001">027392337</controlfield>
  <datafield tag="245" ind1="1" ind2="0">
    <subfield code="a">Wine to water :</subfield>
    <subfield code="b">a bartender&apos;s quest to bring clean water to the world /</subfield>
    <subfield code="c">Doc Hendley.</subfield>
  </datafield>
  <datafield tag="590" ind1=" " ind2=" ">
    <subfield code="a">4th Hubert Library copy includes introductory letter to FIU undergraduate students from Dean of Undergraduate Education.</subfield>
    <subfield code="5">FMFIU</subfield>
  </datafield>
  <datafield tag="500" ind1=" " ind2=" ">
    <subfield code="a">Includes index.</subfield>
  </datafield>
  <datafield tag="590" ind1=" " ind2=" ">
    <subfield code="a">Purchased with special funds.</subfield>
    <subfield code="5">FTaSU</subfield>
  </datafield>
  <datafield tag="590" ind1=" " ind2=" ">
    <subfield code="a">FIU Undergraduate Education - 2013 Common Reading Program</subfield>
    <subfield code="5">FMFIU</subfield>
  </datafield>
</record>