

<record xmlns="http://www.loc.gov/MARC21/slim"
xmlns:xsi="http://www.w3.org/2001/XMLSchema-instance"
xsi:schemaLocation="http://www.loc.gov/MARC21/slim
http://www.loc.gov/standards/marcxml/schema/MARC21slim.xsd">
  <leader>     cam  2200481La 4500</leader>
  <controlfield tag="001">031839013</controlfield>
  <datafield tag="245" ind1="1" ind2="3">
    <subfield code="a">An evidence-based approach to vitamins and minerals</subfield>
    <subfield code="h">[electronic resource] :</subfield>
    <subfield code="b">health benefits and intake recommendations /</subfield>
    <subfield code="c">Jane Higdon, Victoria J. Drake.</subfield>
  </datafield>
</record>