

<record xmlns="http://www.loc.gov/MARC21/slim"
xmlns:xsi="http://www.w3.org/2001/XMLSchema-instance"
xsi:schemaLocation="http://www.loc.gov/MARC21/slim
http://www.loc.gov/standards/marcxml/schema/MARC21slim.xsd">
  <leader>04275cam  2200541La 4500</leader>
  <controlfield tag="001">032526689</controlfield>
  <datafield tag="245" ind1="1" ind2="0">
    <subfield code="a">Hematology</subfield>
    <subfield code="h">[electronic resource] :</subfield>
    <subfield code="b">a pathophysiologic approach /</subfield>
    <subfield code="c">S. David Hudnall.</subfield>
  </datafield>
  <datafield tag="500" ind1=" " ind2=" ">
    <subfield code="a">Includes index.</subfield>
  </datafield>
</record>