

<record xmlns="http://www.loc.gov/MARC21/slim"
xmlns:xsi="http://www.w3.org/2001/XMLSchema-instance"
xsi:schemaLocation="http://www.loc.gov/MARC21/slim
http://www.loc.gov/standards/marcxml/schema/MARC21slim.xsd">
  <leader>01633cam  2200421La 4500</leader>
  <controlfield tag="001">032526845</controlfield>
  <datafield tag="245" ind1="1" ind2="0">
    <subfield code="a">Thoracic pathology</subfield>
    <subfield code="h">[electronic resource] /</subfield>
    <subfield code="c">Aliya N. Husain.</subfield>
  </datafield>
  <datafield tag="500" ind1=" " ind2=" ">
    <subfield code="a">Includes index.</subfield>
  </datafield>
</record>