

<record xmlns="http://www.loc.gov/MARC21/slim"
xmlns:xsi="http://www.w3.org/2001/XMLSchema-instance"
xsi:schemaLocation="http://www.loc.gov/MARC21/slim
http://www.loc.gov/standards/marcxml/schema/MARC21slim.xsd">
  <leader>03133cam  2200577Ka 4500</leader>
  <controlfield tag="001">032526870</controlfield>
  <datafield tag="245" ind1="1" ind2="0">
    <subfield code="a">Clinical arrhythmology and electrophysiology</subfield>
    <subfield code="h">[electronic resource] :</subfield>
    <subfield code="b">a companion to Braunwald&apos;s heart disease /</subfield>
    <subfield code="c">Ziad F. Issa, John M. Miller, Douglas P. Zipes.</subfield>
  </datafield>
</record>