

<record xmlns="http://www.loc.gov/MARC21/slim"
xmlns:xsi="http://www.w3.org/2001/XMLSchema-instance"
xsi:schemaLocation="http://www.loc.gov/MARC21/slim
http://www.loc.gov/standards/marcxml/schema/MARC21slim.xsd">
  <leader>01680cam  2200469Ma 4500</leader>
  <controlfield tag="001">031016125</controlfield>
  <datafield tag="245" ind1="1" ind2="0">
    <subfield code="a">Fundamentals of musculoskeletal ultrasound</subfield>
    <subfield code="h">[electronic resource] /</subfield>
    <subfield code="c">Jon A. Jacobson.</subfield>
  </datafield>
</record>