

<record xmlns="http://www.loc.gov/MARC21/slim"
xmlns:xsi="http://www.w3.org/2001/XMLSchema-instance"
xsi:schemaLocation="http://www.loc.gov/MARC21/slim
http://www.loc.gov/standards/marcxml/schema/MARC21slim.xsd">
  <leader>     cam  2200505Ia 4500</leader>
  <controlfield tag="001">030823116</controlfield>
  <datafield tag="245" ind1="1" ind2="4">
    <subfield code="a">The big picture</subfield>
    <subfield code="h">[electronic resource] :</subfield>
    <subfield code="b">medical biochemistry /</subfield>
    <subfield code="c">written and edited by Lee W. Janson, Marc E. Tischler.</subfield>
  </datafield>
  <datafield tag="500" ind1=" " ind2=" ">
    <subfield code="a">Includes index.</subfield>
  </datafield>
  <datafield tag="500" ind1=" " ind2=" ">
    <subfield code="a">Title from AccessMed&apos;s title page (viewed Dec. 6, 2012).</subfield>
    <subfield code="5">FTaSU</subfield>
  </datafield>
</record>