

<record xmlns="http://www.loc.gov/MARC21/slim"
xmlns:xsi="http://www.w3.org/2001/XMLSchema-instance"
xsi:schemaLocation="http://www.loc.gov/MARC21/slim
http://www.loc.gov/standards/marcxml/schema/MARC21slim.xsd">
  <leader>01282nam  2200325Ia 4500</leader>
  <controlfield tag="001">030980248</controlfield>
  <datafield tag="245" ind1="1" ind2="4">
    <subfield code="a">The interventional cardiac catheterization handbook</subfield>
    <subfield code="h">[electronic resource] /</subfield>
    <subfield code="c">Morton J. Kern.</subfield>
  </datafield>
</record>