

<record xmlns="http://www.loc.gov/MARC21/slim"
xmlns:xsi="http://www.w3.org/2001/XMLSchema-instance"
xsi:schemaLocation="http://www.loc.gov/MARC21/slim
http://www.loc.gov/standards/marcxml/schema/MARC21slim.xsd">
  <leader>02633cam  2200661Ma 4500</leader>
  <controlfield tag="001">031058606</controlfield>
  <datafield tag="245" ind1="1" ind2="0">
    <subfield code="a">Elsevier&apos;s integrated review.</subfield>
    <subfield code="p">Pharmacology</subfield>
    <subfield code="h">[electronic resource] /</subfield>
    <subfield code="c">Mark Kester, Kelly D. Karpa, Kent E. Vrana.</subfield>
  </datafield>
  <datafield tag="500" ind1=" " ind2=" ">
    <subfield code="a">Rev. ed. of: Elsevier&apos;s integrated pharmacology / Mark Kester ... [et al.]. c2007.</subfield>
  </datafield>
  <datafield tag="500" ind1=" " ind2=" ">
    <subfield code="a">Includes index.</subfield>
  </datafield>
</record>