

<record xmlns="http://www.loc.gov/MARC21/slim"
xmlns:xsi="http://www.w3.org/2001/XMLSchema-instance"
xsi:schemaLocation="http://www.loc.gov/MARC21/slim
http://www.loc.gov/standards/marcxml/schema/MARC21slim.xsd">
  <leader>     cam  2200469 a 4500</leader>
  <controlfield tag="001">020426023</controlfield>
  <datafield tag="245" ind1="1" ind2="0">
    <subfield code="a">Histology and cell biology :</subfield>
    <subfield code="b">an introduction to pathology /</subfield>
    <subfield code="c">Abraham L. Kierszenbaum, Laura L. Tres.</subfield>
  </datafield>
  <datafield tag="500" ind1=" " ind2=" ">
    <subfield code="a">Includes index.</subfield>
  </datafield>
</record>