

<record xmlns="http://www.loc.gov/MARC21/slim"
xmlns:xsi="http://www.w3.org/2001/XMLSchema-instance"
xsi:schemaLocation="http://www.loc.gov/MARC21/slim
http://www.loc.gov/standards/marcxml/schema/MARC21slim.xsd">
  <leader>03307ctm  2200613Ii 4500</leader>
  <controlfield tag="001">032526927</controlfield>
  <datafield tag="245" ind1="1" ind2="0">
    <subfield code="a">Renal physiology /</subfield>
    <subfield code="c">Bruce M. Koeppen, Bruce A. Stanton.</subfield>
  </datafield>
</record>