

<record xmlns="http://www.loc.gov/MARC21/slim"
xmlns:xsi="http://www.w3.org/2001/XMLSchema-instance"
xsi:schemaLocation="http://www.loc.gov/MARC21/slim
http://www.loc.gov/standards/marcxml/schema/MARC21slim.xsd">
  <leader>     cam  2200445Ia 4500</leader>
  <controlfield tag="001">030793266</controlfield>
  <datafield tag="245" ind1="1" ind2="0">
    <subfield code="a">Systematic musculoskeletal examinations /</subfield>
    <subfield code="c">George V. Lawry.</subfield>
  </datafield>
  <datafield tag="500" ind1=" " ind2=" ">
    <subfield code="a">30793264</subfield>
  </datafield>
</record>