

<record xmlns="http://www.loc.gov/MARC21/slim"
xmlns:xsi="http://www.w3.org/2001/XMLSchema-instance"
xsi:schemaLocation="http://www.loc.gov/MARC21/slim
http://www.loc.gov/standards/marcxml/schema/MARC21slim.xsd">
  <leader>     cam  2200625Ki 4500</leader>
  <controlfield tag="001">033800269</controlfield>
  <datafield tag="245" ind1="1" ind2="0">
    <subfield code="a">Respiratory :</subfield>
    <subfield code="b">an integrated approach to disease /</subfield>
    <subfield code="c">Andrew J. Lechner, George M. Matuschak, David S. Brink.</subfield>
  </datafield>
</record>