

<record xmlns="http://www.loc.gov/MARC21/slim"
xmlns:xsi="http://www.w3.org/2001/XMLSchema-instance"
xsi:schemaLocation="http://www.loc.gov/MARC21/slim
http://www.loc.gov/standards/marcxml/schema/MARC21slim.xsd">
  <leader>     cam  2200517 a 4500</leader>
  <controlfield tag="001">031822560</controlfield>
  <datafield tag="245" ind1="1" ind2="0">
    <subfield code="a">Bayesian biostatistics /</subfield>
    <subfield code="c">Emmanuel Lesaffre, Andrew B. Lawson.</subfield>
  </datafield>
</record>