

<record xmlns="http://www.loc.gov/MARC21/slim"
xmlns:xsi="http://www.w3.org/2001/XMLSchema-instance"
xsi:schemaLocation="http://www.loc.gov/MARC21/slim
http://www.loc.gov/standards/marcxml/schema/MARC21slim.xsd">
  <leader>02399cam  2200565Ia 4500</leader>
  <controlfield tag="001">032526880</controlfield>
  <datafield tag="245" ind1="1" ind2="0">
    <subfield code="a">McMinn&apos;s color atlas of foot and ankle anatomy</subfield>
    <subfield code="h">[electronic resource] /</subfield>
    <subfield code="c">Bari M. Logan ; regional anaesthesia by Anand M. Sardesai, Sachin Daivajna, A.H.N. Robinson ; original photography by Ralph T. Hutchings.</subfield>
  </datafield>
</record>