

<record xmlns="http://www.loc.gov/MARC21/slim"
xmlns:xsi="http://www.w3.org/2001/XMLSchema-instance"
xsi:schemaLocation="http://www.loc.gov/MARC21/slim
http://www.loc.gov/standards/marcxml/schema/MARC21slim.xsd">
  <leader>     cam a2200469Ma 4500</leader>
  <controlfield tag="001">032550542</controlfield>
  <datafield tag="245" ind1="1" ind2="0">
    <subfield code="a">Gastrointestinal imaging /</subfield>
    <subfield code="c">Vincent H.S. Low.</subfield>
  </datafield>
</record>