

<record xmlns="http://www.loc.gov/MARC21/slim"
xmlns:xsi="http://www.w3.org/2001/XMLSchema-instance"
xsi:schemaLocation="http://www.loc.gov/MARC21/slim
http://www.loc.gov/standards/marcxml/schema/MARC21slim.xsd">
  <leader>02511cam  2200505Ia 4500</leader>
  <controlfield tag="001">032526873</controlfield>
  <datafield tag="245" ind1="1" ind2="0">
    <subfield code="a">Hinman&apos;s atlas of urosurgical anatomy</subfield>
    <subfield code="h">[electronic resource].</subfield>
  </datafield>
  <datafield tag="500" ind1=" " ind2=" ">
    <subfield code="a">Rev. ed. of: Atlas of urosurgical anatomy / Frank Hinman Jr. c1993.</subfield>
  </datafield>
</record>