

<record xmlns="http://www.loc.gov/MARC21/slim"
xmlns:xsi="http://www.w3.org/2001/XMLSchema-instance"
xsi:schemaLocation="http://www.loc.gov/MARC21/slim
http://www.loc.gov/standards/marcxml/schema/MARC21slim.xsd">
  <leader>03276cam  2200637Mi 4500</leader>
  <controlfield tag="001">033017744</controlfield>
  <datafield tag="245" ind1="1" ind2="0">
    <subfield code="a">Hunter&apos;s Tropical Medicine and Emerging Infectious Disease</subfield>
    <subfield code="h">[electronic resource] :</subfield>
    <subfield code="b">Expert Consult - Online.</subfield>
  </datafield>
</record>