

<record xmlns="http://www.loc.gov/MARC21/slim"
xmlns:xsi="http://www.w3.org/2001/XMLSchema-instance"
xsi:schemaLocation="http://www.loc.gov/MARC21/slim
http://www.loc.gov/standards/marcxml/schema/MARC21slim.xsd">
  <leader>     cam  2200445Ki 4500</leader>
  <controlfield tag="001">032831546</controlfield>
  <datafield tag="245" ind1="1" ind2="0">
    <subfield code="a">Critical care ultrasound manual /</subfield>
    <subfield code="c">Anthony McLean and Stephen Huang.</subfield>
  </datafield>
  <datafield tag="500" ind1=" " ind2=" ">
    <subfield code="a">Some electronic versions may not contain accompanying materials associated with the print versions.</subfield>
  </datafield>
</record>