

<record xmlns="http://www.loc.gov/MARC21/slim"
xmlns:xsi="http://www.w3.org/2001/XMLSchema-instance"
xsi:schemaLocation="http://www.loc.gov/MARC21/slim
http://www.loc.gov/standards/marcxml/schema/MARC21slim.xsd">
  <leader>03434cam  2200457Ia 4500</leader>
  <controlfield tag="001">031858663</controlfield>
  <datafield tag="245" ind1="1" ind2="0">
    <subfield code="a">Physical therapy for the stroke patient</subfield>
    <subfield code="h">[electronic resource] :</subfield>
    <subfield code="b">early stage rehabilitation /</subfield>
    <subfield code="c">Jan Mehrholz ; with contributions by Janet H. Carr ... [et al.].</subfield>
  </datafield>
</record>