

<record xmlns="http://www.loc.gov/MARC21/slim"
xmlns:xsi="http://www.w3.org/2001/XMLSchema-instance"
xsi:schemaLocation="http://www.loc.gov/MARC21/slim
http://www.loc.gov/standards/marcxml/schema/MARC21slim.xsd">
  <leader>02404cam  2200565La 4500</leader>
  <controlfield tag="001">032527046</controlfield>
  <datafield tag="245" ind1="1" ind2="4">
    <subfield code="a">The Netter collection of medical illustrations.</subfield>
    <subfield code="n">Volume 5,</subfield>
    <subfield code="p">Urinary system</subfield>
    <subfield code="h">[electronic resource] :</subfield>
    <subfield code="b">a compilation of paintings /</subfield>
    <subfield code="c">prepared by Frank H. Netter ; edited by Christopher R Kelly, Jaime Landman.</subfield>
  </datafield>
  <datafield tag="500" ind1=" " ind2=" ">
    <subfield code="a">Series previously known as &quot;The Ciba Collection of Medical Illustrations.&quot;</subfield>
  </datafield>
</record>