

<record xmlns="http://www.loc.gov/MARC21/slim"
xmlns:xsi="http://www.w3.org/2001/XMLSchema-instance"
xsi:schemaLocation="http://www.loc.gov/MARC21/slim
http://www.loc.gov/standards/marcxml/schema/MARC21slim.xsd">
  <leader>04031cam  2200625Ia 4500</leader>
  <controlfield tag="001">032526708</controlfield>
  <datafield tag="245" ind1="1" ind2="0">
    <subfield code="a">Netter&apos;s head and neck anatomy for dentistry</subfield>
    <subfield code="h">[electronic resource] /</subfield>
    <subfield code="c">Neil S. Norton ; illustrations by Frank H. Netter ; contributing illustrators, Carlos A.G. Machado ... [et al.].</subfield>
  </datafield>
  <datafield tag="500" ind1=" " ind2=" ">
    <subfield code="a">Includes index.</subfield>
  </datafield>
</record>