

<record xmlns="http://www.loc.gov/MARC21/slim"
xmlns:xsi="http://www.w3.org/2001/XMLSchema-instance"
xsi:schemaLocation="http://www.loc.gov/MARC21/slim
http://www.loc.gov/standards/marcxml/schema/MARC21slim.xsd">
  <leader>03622cam  2200529La 4500</leader>
  <controlfield tag="001">032526805</controlfield>
  <datafield tag="245" ind1="1" ind2="0">
    <subfield code="a">Perloff&apos;s clinical recognition of congenital heart disease</subfield>
    <subfield code="h">[electronic resource] /</subfield>
    <subfield code="c">Joseph K. Perloff, Ariane J. Marelli.</subfield>
  </datafield>
  <datafield tag="500" ind1=" " ind2=" ">
    <subfield code="a">&quot;Expert consult.&quot;</subfield>
  </datafield>
</record>