

<record xmlns="http://www.loc.gov/MARC21/slim"
xmlns:xsi="http://www.w3.org/2001/XMLSchema-instance"
xsi:schemaLocation="http://www.loc.gov/MARC21/slim
http://www.loc.gov/standards/marcxml/schema/MARC21slim.xsd">
  <leader>02549cam  2200421Ia 4500</leader>
  <controlfield tag="001">032526918</controlfield>
  <datafield tag="245" ind1="1" ind2="0">
    <subfield code="a">Practical dermatopathology</subfield>
    <subfield code="h">[electronic resource] /</subfield>
    <subfield code="c">Ronald P. Rapini.</subfield>
  </datafield>
</record>