

<record xmlns="http://www.loc.gov/MARC21/slim"
xmlns:xsi="http://www.w3.org/2001/XMLSchema-instance"
xsi:schemaLocation="http://www.loc.gov/MARC21/slim
http://www.loc.gov/standards/marcxml/schema/MARC21slim.xsd">
  <leader>02164cam  2200541Ma 4500</leader>
  <controlfield tag="001">032526759</controlfield>
  <datafield tag="245" ind1="1" ind2="0">
    <subfield code="a">Instructions for sports medicine patients</subfield>
    <subfield code="h">[electronic resource] /</subfield>
    <subfield code="c">Marc R. Safran, James Zachazewski, David A. Stone ; with contributions by Anthony J. Saglimbeni.</subfield>
  </datafield>
</record>