

<record xmlns="http://www.loc.gov/MARC21/slim"
xmlns:xsi="http://www.w3.org/2001/XMLSchema-instance"
xsi:schemaLocation="http://www.loc.gov/MARC21/slim
http://www.loc.gov/standards/marcxml/schema/MARC21slim.xsd">
  <leader>02115nam  2200421 a 4500</leader>
  <controlfield tag="001">031387937</controlfield>
  <datafield tag="245" ind1="1" ind2="0">
    <subfield code="a">Injection techniques in musculoskeletal medicine</subfield>
    <subfield code="h">[electronic resource] :</subfield>
    <subfield code="b">a practical manual for clinicians in primary and secondary care /</subfield>
    <subfield code="c">Stephanie Saunders, Steve Longworth ; foreword by Elaine Hay.</subfield>
  </datafield>
  <datafield tag="500" ind1=" " ind2=" ">
    <subfield code="a">Rev. ed. of: Injection techniques in orthopaedic and sports medicine. 3rd ed. 2006.</subfield>
  </datafield>
</record>