

<record xmlns="http://www.loc.gov/MARC21/slim"
xmlns:xsi="http://www.w3.org/2001/XMLSchema-instance"
xsi:schemaLocation="http://www.loc.gov/MARC21/slim
http://www.loc.gov/standards/marcxml/schema/MARC21slim.xsd">
  <leader>     cam  2200397Ia 4500</leader>
  <controlfield tag="001">032528557</controlfield>
  <datafield tag="245" ind1="1" ind2="0">
    <subfield code="a">Human genetics</subfield>
    <subfield code="h">[electronic resource] :</subfield>
    <subfield code="b">from molecules to medicine /</subfield>
    <subfield code="c">Christian Patrick Schaaf, Johannes Zschocke, Lorraine Potocki.</subfield>
  </datafield>
</record>