

<record xmlns="http://www.loc.gov/MARC21/slim"
xmlns:xsi="http://www.w3.org/2001/XMLSchema-instance"
xsi:schemaLocation="http://www.loc.gov/MARC21/slim
http://www.loc.gov/standards/marcxml/schema/MARC21slim.xsd">
  <leader>03126cam  2200637La 4500</leader>
  <controlfield tag="001">032526824</controlfield>
  <datafield tag="245" ind1="1" ind2="0">
    <subfield code="a">Jatin Shah&apos;s head and neck surgery and oncology</subfield>
    <subfield code="h">[electronic resource] /</subfield>
    <subfield code="c">Jatin P. Shah, Snehal G. Patel, Bhuvanesh Singh.</subfield>
  </datafield>
  <datafield tag="500" ind1=" " ind2=" ">
    <subfield code="a">Rev. ed. of: Head and neck surgery and oncology. 3rd ed. 2003.</subfield>
  </datafield>
  <datafield tag="500" ind1=" " ind2=" ">
    <subfield code="a">&quot;Expert Consult.&quot;</subfield>
  </datafield>
</record>