

<record xmlns="http://www.loc.gov/MARC21/slim"
xmlns:xsi="http://www.w3.org/2001/XMLSchema-instance"
xsi:schemaLocation="http://www.loc.gov/MARC21/slim
http://www.loc.gov/standards/marcxml/schema/MARC21slim.xsd">
  <leader>01780cam  2200457Ma 4500</leader>
  <controlfield tag="001">032527050</controlfield>
  <datafield tag="245" ind1="1" ind2="0">
    <subfield code="a">Neuroradiology</subfield>
    <subfield code="h">[electronic resource] :</subfield>
    <subfield code="b">key differential diagnoses and clinical questions /</subfield>
    <subfield code="c">Juan E. Small, Pamela W. Schaefer.</subfield>
  </datafield>
</record>