

<record xmlns="http://www.loc.gov/MARC21/slim"
xmlns:xsi="http://www.w3.org/2001/XMLSchema-instance"
xsi:schemaLocation="http://www.loc.gov/MARC21/slim
http://www.loc.gov/standards/marcxml/schema/MARC21slim.xsd">
  <leader>     cam  2200493Ia 4500</leader>
  <controlfield tag="001">032572507</controlfield>
  <datafield tag="245" ind1="1" ind2="0">
    <subfield code="a">General pathology and internal medicine for physical therapists</subfield>
    <subfield code="h">[electronic resource] /</subfield>
    <subfield code="c">Gabriele Steffers, Susanne Credner.</subfield>
  </datafield>
  <datafield tag="500" ind1=" " ind2=" ">
    <subfield code="a">&quot;Written by physicians, General Medicine for Physical Therapists introduces the basic principles of internal medicine and general pathology clearly and comprehensively for physical therapy (PT) students and practitioners-essential for understanding disease patterns and symptoms as well as diagnostic procedures and medical therapies.</subfield>
  </datafield>
  <datafield tag="500" ind1=" " ind2=" ">
    <subfield code="a">With this user-friendly book at hand, students and PT practitioners will have the knowledge to identify underlying medical conditions, develop individualized treatment plans that take these factors into account, achieve sound therapeutic goals, and refer patients to other resources where necessary.Special Features: The only general medicine book for physical therapists written with the in-depth knowledge and experience of practicing MDs Organized in two logical sections: the first, General Pathology, provides a basic foundation in the origin and course of diseases, cardinal signs and symptoms, and diagnostic and therapeutic procedures; the second, Internal Medicine, focuses on anatomy, physiology, and diagnosis of pathologies found in different organ systems,</subfield>
  </datafield>
  <datafield tag="500" ind1=" " ind2=" ">
    <subfield code="a">with a concentration on diseases that are treated with physical therapy Presents the information in concise summary form but with enough detail to enable PTs to accurately screen and diagnose patients Offers nearly 300 full-color, didactic illustrations that serve as a superb visual aid to learning Includes numerous tables, chapter summaries, a glossary of medical terminology, and dozens of case studies that make every concept clear and accessible Assists in exam preparation by furnishing dozens of study questions and answers Now a major part of the curriculum in undergraduate and graduate physical therapy programs, internal medicine and general pathology are part of the basic equipment&quot; of the physical therapist. For PT students, this book will be a training guide throughout their studies and a valuable review as they prepare for examinations.</subfield>
  </datafield>
  <datafield tag="500" ind1=" " ind2=" ">
    <subfield code="a">For practitioners of physical therapy, exercise physiology, massage therapy, and other allied health disciplines, it is a reliable and easy-to-use reference that will help them fully understand their patients&apos; medical conditions and provide the highest levels of care&quot;--Provided by publisher.</subfield>
  </datafield>
</record>