

<record xmlns="http://www.loc.gov/MARC21/slim"
xmlns:xsi="http://www.w3.org/2001/XMLSchema-instance"
xsi:schemaLocation="http://www.loc.gov/MARC21/slim
http://www.loc.gov/standards/marcxml/schema/MARC21slim.xsd">
  <leader>01347cam  2200385Ma 4500</leader>
  <controlfield tag="001">032526966</controlfield>
  <datafield tag="245" ind1="1" ind2="0">
    <subfield code="a">Textbook of diagnostic sonography</subfield>
    <subfield code="h">[electronic resource] /</subfield>
    <subfield code="c">Susan Raatz Stephenson, Sandra L. Hagen-Ansert.</subfield>
  </datafield>
</record>