

<record xmlns="http://www.loc.gov/MARC21/slim"
xmlns:xsi="http://www.w3.org/2001/XMLSchema-instance"
xsi:schemaLocation="http://www.loc.gov/MARC21/slim
http://www.loc.gov/standards/marcxml/schema/MARC21slim.xsd">
  <leader>     cam  2200457Ma 4500</leader>
  <controlfield tag="001">025524280</controlfield>
  <datafield tag="245" ind1="1" ind2="0">
    <subfield code="a">Color atlas of dermatology</subfield>
    <subfield code="h">[electronic resource] /</subfield>
    <subfield code="c">Martin Roecken ... [et al.] ; with color plates by Juergen Wirth ; [translator, Walter Burgdorf].</subfield>
  </datafield>
  <datafield tag="500" ind1=" " ind2=" ">
    <subfield code="a">Title from Thieme&apos;s title page (viewed Feb. 9, 2012).</subfield>
    <subfield code="5">FTaSU</subfield>
  </datafield>
  <datafield tag="500" ind1=" " ind2=" ">
    <subfield code="a">Specialty: Dermatology.</subfield>
  </datafield>
</record>