

<record xmlns="http://www.loc.gov/MARC21/slim"
xmlns:xsi="http://www.w3.org/2001/XMLSchema-instance"
xsi:schemaLocation="http://www.loc.gov/MARC21/slim
http://www.loc.gov/standards/marcxml/schema/MARC21slim.xsd">
  <leader>03364cam  2200541Ka 4500</leader>
  <controlfield tag="001">032526869</controlfield>
  <datafield tag="245" ind1="1" ind2="0">
    <subfield code="a">Molecular medicine</subfield>
    <subfield code="h">[electronic resource] :</subfield>
    <subfield code="b">genomics to personalized healthcare /</subfield>
    <subfield code="c">Ronald J. Trent.</subfield>
  </datafield>
</record>