

<record xmlns="http://www.loc.gov/MARC21/slim"
xmlns:xsi="http://www.w3.org/2001/XMLSchema-instance"
xsi:schemaLocation="http://www.loc.gov/MARC21/slim
http://www.loc.gov/standards/marcxml/schema/MARC21slim.xsd">
  <leader>04321cam  2200613Ka 4500</leader>
  <controlfield tag="001">032526835</controlfield>
  <datafield tag="245" ind1="1" ind2="0">
    <subfield code="a">Wounds and lacerations</subfield>
    <subfield code="h">[electronic resource] :</subfield>
    <subfield code="b">emergency care and closure /</subfield>
    <subfield code="c">Alexander T. Trott.</subfield>
  </datafield>
</record>