

<record xmlns="http://www.loc.gov/MARC21/slim"
xmlns:xsi="http://www.w3.org/2001/XMLSchema-instance"
xsi:schemaLocation="http://www.loc.gov/MARC21/slim
http://www.loc.gov/standards/marcxml/schema/MARC21slim.xsd">
  <leader>03325cam  2200481Ma 4500</leader>
  <controlfield tag="001">032526777</controlfield>
  <datafield tag="245" ind1="1" ind2="4">
    <subfield code="a">The practice of interventional radiology</subfield>
    <subfield code="h">[electronic resource] :</subfield>
    <subfield code="b">with online cases and videos /</subfield>
    <subfield code="c">Karim Valji.</subfield>
  </datafield>
  <datafield tag="500" ind1=" " ind2=" ">
    <subfield code="a">Based on: Vascular and interventional radiology / Karim Valji. 2nd ed. c2006.</subfield>
  </datafield>
</record>