

<record xmlns="http://www.loc.gov/MARC21/slim"
xmlns:xsi="http://www.w3.org/2001/XMLSchema-instance"
xsi:schemaLocation="http://www.loc.gov/MARC21/slim
http://www.loc.gov/standards/marcxml/schema/MARC21slim.xsd">
  <leader>     cam  2200493Ii 4500</leader>
  <controlfield tag="001">032528792</controlfield>
  <datafield tag="245" ind1="1" ind2="0">
    <subfield code="a">Pulmonary pathophysiology :</subfield>
    <subfield code="b">the essentials /</subfield>
    <subfield code="c">John B. West.</subfield>
  </datafield>
  <datafield tag="500" ind1=" " ind2=" ">
    <subfield code="a">Companion v. to: Respiratory physiology / John B. Best. 9th ed. c2012.</subfield>
  </datafield>
  <datafield tag="500" ind1=" " ind2=" ">
    <subfield code="a">Companion v. to: Respiratory physiology / John B. Best. 9th ed. c2012.</subfield>
  </datafield>
</record>