

<record xmlns="http://www.loc.gov/MARC21/slim"
xmlns:xsi="http://www.w3.org/2001/XMLSchema-instance"
xsi:schemaLocation="http://www.loc.gov/MARC21/slim
http://www.loc.gov/standards/marcxml/schema/MARC21slim.xsd">
  <leader>02217cam  2200529Ka 4500</leader>
  <controlfield tag="001">032526891</controlfield>
  <datafield tag="245" ind1="1" ind2="0">
    <subfield code="a">Atlas of clinical gastrointestinal endoscopy</subfield>
    <subfield code="h">[electronic resource] /</subfield>
    <subfield code="c">C. Mel Wilcox, Miguel Muñoz-Navas, Joseph Sung.</subfield>
  </datafield>
  <datafield tag="500" ind1=" " ind2=" ">
    <subfield code="a">Includes index.</subfield>
  </datafield>
</record>