

<record xmlns="http://www.loc.gov/MARC21/slim"
xmlns:xsi="http://www.w3.org/2001/XMLSchema-instance"
xsi:schemaLocation="http://www.loc.gov/MARC21/slim
http://www.loc.gov/standards/marcxml/schema/MARC21slim.xsd">
  <leader>02464cam  2200481Ia 4500</leader>
  <controlfield tag="001">032526810</controlfield>
  <datafield tag="245" ind1="1" ind2="0">
    <subfield code="a">Oral pathology</subfield>
    <subfield code="h">[electronic resource] :</subfield>
    <subfield code="b">a comprehensive atlas and text /</subfield>
    <subfield code="c">Sook-Bin Woo.</subfield>
  </datafield>
  <datafield tag="500" ind1=" " ind2=" ">
    <subfield code="a">&quot;Expert Consult.&quot;</subfield>
  </datafield>
</record>