

<record xmlns="http://www.loc.gov/MARC21/slim"
xmlns:xsi="http://www.w3.org/2001/XMLSchema-instance"
xsi:schemaLocation="http://www.loc.gov/MARC21/slim
http://www.loc.gov/standards/marcxml/schema/MARC21slim.xsd">
  <leader>     nam  2200385Ii 4500</leader>
  <controlfield tag="001">033933696</controlfield>
  <datafield tag="245" ind1="0" ind2="0">
    <subfield code="a">Pediatrics for medical students /</subfield>
    <subfield code="c">editors, Daniel Bernstein, Steven P. Shelov.</subfield>
  </datafield>
</record>