

<record xmlns="http://www.loc.gov/MARC21/slim"
xmlns:xsi="http://www.w3.org/2001/XMLSchema-instance"
xsi:schemaLocation="http://www.loc.gov/MARC21/slim
http://www.loc.gov/standards/marcxml/schema/MARC21slim.xsd">
  <leader>     nam  2200433Ii 4500</leader>
  <controlfield tag="001">033924477</controlfield>
  <datafield tag="245" ind1="0" ind2="0">
    <subfield code="a">Essentials of family medicine /</subfield>
    <subfield code="c">[edited by] Philip D. Sloane, Lisa M. Slatt, Mark Ebell, Mindy A. Smith, David V. Power, Anthony J. Viera.</subfield>
  </datafield>
</record>