

<record xmlns="http://www.loc.gov/MARC21/slim"
xmlns:xsi="http://www.w3.org/2001/XMLSchema-instance"
xsi:schemaLocation="http://www.loc.gov/MARC21/slim
http://www.loc.gov/standards/marcxml/schema/MARC21slim.xsd">
  <leader>     nam  2200433Ii 4500</leader>
  <controlfield tag="001">033608201</controlfield>
  <datafield tag="245" ind1="0" ind2="0">
    <subfield code="a">Johns Hopkins diabetes guide :</subfield>
    <subfield code="b">treatment and management of diabetes /</subfield>
    <subfield code="c">edited by Christopher D. Saudek, Rita Rastogi Kalyani, Frederick L. Brancati ; foreword by Ronald J. Daniels.</subfield>
  </datafield>
</record>