

<record xmlns="http://www.loc.gov/MARC21/slim"
xmlns:xsi="http://www.w3.org/2001/XMLSchema-instance"
xsi:schemaLocation="http://www.loc.gov/MARC21/slim
http://www.loc.gov/standards/marcxml/schema/MARC21slim.xsd">
  <leader>     cam  2200421Ma 4500</leader>
  <controlfield tag="001">033607936</controlfield>
  <datafield tag="245" ind1="0" ind2="0">
    <subfield code="a">Johns Hopkins ABX guide</subfield>
    <subfield code="h">[electronic resource] :</subfield>
    <subfield code="b">diagnosis and treatment of infectious diseases, /</subfield>
    <subfield code="c">edited by John G. Bartlett, Paul G. Auwaerter, Paul A. Pham.</subfield>
  </datafield>
</record>