

<record xmlns="http://www.loc.gov/MARC21/slim"
xmlns:xsi="http://www.w3.org/2001/XMLSchema-instance"
xsi:schemaLocation="http://www.loc.gov/MARC21/slim
http://www.loc.gov/standards/marcxml/schema/MARC21slim.xsd">
  <leader>01672nam  2200385 a 4500</leader>
  <controlfield tag="001">033556668</controlfield>
  <datafield tag="245" ind1="0" ind2="0">
    <subfield code="a">Clinical child psychiatry</subfield>
    <subfield code="h">[electronic resource] :</subfield>
    <subfield code="b">major common problems /</subfield>
    <subfield code="c">editors, William M. Klykylo, Jerald Kay.</subfield>
  </datafield>
</record>