

<record xmlns="http://www.loc.gov/MARC21/slim"
xmlns:xsi="http://www.w3.org/2001/XMLSchema-instance"
xsi:schemaLocation="http://www.loc.gov/MARC21/slim
http://www.loc.gov/standards/marcxml/schema/MARC21slim.xsd">
  <leader>02450nam  2200397 i 4500</leader>
  <controlfield tag="001">032984058</controlfield>
  <datafield tag="245" ind1="0" ind2="4">
    <subfield code="a">The Washington manual of critical care /</subfield>
    <subfield code="c">[edited by] Marin H. Kollef, Warren Isakow.</subfield>
  </datafield>
  <datafield tag="590" ind1=" " ind2=" ">
    <subfield code="a">Electronic reproduction. Palo Alto, Calif. : ebrary, 2014. Available via World Wide Web. Access may be limited to ebrary affiliated libraries.</subfield>
  </datafield>
</record>