

<record xmlns="http://www.loc.gov/MARC21/slim"
xmlns:xsi="http://www.w3.org/2001/XMLSchema-instance"
xsi:schemaLocation="http://www.loc.gov/MARC21/slim
http://www.loc.gov/standards/marcxml/schema/MARC21slim.xsd">
  <leader>     cam  2200613Ia 4500</leader>
  <controlfield tag="001">032563800</controlfield>
  <datafield tag="245" ind1="0" ind2="0">
    <subfield code="a">Therapeutic drug monitoring</subfield>
    <subfield code="h">[electronic resource] :</subfield>
    <subfield code="b">newer drugs and biomarkers /</subfield>
    <subfield code="c">edited by Amitava Dasgupta.</subfield>
  </datafield>
</record>