

<record xmlns="http://www.loc.gov/MARC21/slim"
xmlns:xsi="http://www.w3.org/2001/XMLSchema-instance"
xsi:schemaLocation="http://www.loc.gov/MARC21/slim
http://www.loc.gov/standards/marcxml/schema/MARC21slim.xsd">
  <leader>     cam  2200469Ka 4500</leader>
  <controlfield tag="001">032562920</controlfield>
  <datafield tag="245" ind1="0" ind2="0">
    <subfield code="a">Rennie and Roberton&apos;s textbook of neonatology</subfield>
    <subfield code="h">[electronic resource] /</subfield>
    <subfield code="c">editor, Janet M. Rennie.</subfield>
  </datafield>
  <datafield tag="500" ind1=" " ind2=" ">
    <subfield code="a">Rev. ed. of.: Roberton&apos;s textbook of neonatology. 4th ed. 2005.</subfield>
  </datafield>
</record>