

<record xmlns="http://www.loc.gov/MARC21/slim"
xmlns:xsi="http://www.w3.org/2001/XMLSchema-instance"
xsi:schemaLocation="http://www.loc.gov/MARC21/slim
http://www.loc.gov/standards/marcxml/schema/MARC21slim.xsd">
  <leader>     cam  2200457Ia 4500</leader>
  <controlfield tag="001">032536117</controlfield>
  <datafield tag="245" ind1="0" ind2="0">
    <subfield code="a">Aminoff&apos;s electrodiagnosis in clinical neurology</subfield>
    <subfield code="h">[electronic resource] /</subfield>
    <subfield code="c">Michael J. Aminoff ... [et. al.].</subfield>
  </datafield>
  <datafield tag="500" ind1=" " ind2=" ">
    <subfield code="a">Rev. ed. of : Electrodiagnosis in clinical neurology. 5th ed. Philadelphia : Elsevier Churchill Livingstone, 2005.</subfield>
  </datafield>
</record>