

<record xmlns="http://www.loc.gov/MARC21/slim"
xmlns:xsi="http://www.w3.org/2001/XMLSchema-instance"
xsi:schemaLocation="http://www.loc.gov/MARC21/slim
http://www.loc.gov/standards/marcxml/schema/MARC21slim.xsd">
  <leader>03596cam  2200577Ii 4500</leader>
  <controlfield tag="001">032527096</controlfield>
  <datafield tag="245" ind1="0" ind2="0">
    <subfield code="a">Maxillofacial trauma &amp; esthetic facial reconstruction /</subfield>
    <subfield code="c">[edited by] Peter Ward Booth, Barry L. Eppley, Rainer Schmelzeisen.</subfield>
  </datafield>
</record>