

<record xmlns="http://www.loc.gov/MARC21/slim"
xmlns:xsi="http://www.w3.org/2001/XMLSchema-instance"
xsi:schemaLocation="http://www.loc.gov/MARC21/slim
http://www.loc.gov/standards/marcxml/schema/MARC21slim.xsd">
  <leader>02486cam  2200481Ma 4500</leader>
  <controlfield tag="001">032527047</controlfield>
  <datafield tag="245" ind1="0" ind2="0">
    <subfield code="a">Principles &amp; practice of surgery</subfield>
    <subfield code="h">[electronic resource] /</subfield>
    <subfield code="c">edited by O. James Garden ... [et al.].</subfield>
  </datafield>
  <datafield tag="500" ind1=" " ind2=" ">
    <subfield code="a">Includes index.</subfield>
  </datafield>
  <datafield tag="500" ind1=" " ind2=" ">
    <subfield code="a">&quot;A Davidson title&quot;.</subfield>
  </datafield>
</record>