

<record xmlns="http://www.loc.gov/MARC21/slim"
xmlns:xsi="http://www.w3.org/2001/XMLSchema-instance"
xsi:schemaLocation="http://www.loc.gov/MARC21/slim
http://www.loc.gov/standards/marcxml/schema/MARC21slim.xsd">
  <leader>04779cam  2200613Ia 4500</leader>
  <controlfield tag="001">032527045</controlfield>
  <datafield tag="245" ind1="0" ind2="0">
    <subfield code="a">Neurology</subfield>
    <subfield code="h">[electronic resource] :</subfield>
    <subfield code="b">neonatology questions and controversies /</subfield>
    <subfield code="c">[edited by] Jeffrey Perlman.</subfield>
  </datafield>
</record>