

<record xmlns="http://www.loc.gov/MARC21/slim"
xmlns:xsi="http://www.w3.org/2001/XMLSchema-instance"
xsi:schemaLocation="http://www.loc.gov/MARC21/slim
http://www.loc.gov/standards/marcxml/schema/MARC21slim.xsd">
  <leader>08131cam  2200637Ka 4500</leader>
  <controlfield tag="001">032527044</controlfield>
  <datafield tag="245" ind1="0" ind2="0">
    <subfield code="a">Hemodynamics and cardiology</subfield>
    <subfield code="h">[electronic resource] :</subfield>
    <subfield code="b">neonatology questions and controversies /</subfield>
    <subfield code="c">[edited by] Charles S. Kleinman, Istvan Seri ; consulting editor, Richard A. Polin.</subfield>
  </datafield>
</record>