

<record xmlns="http://www.loc.gov/MARC21/slim"
xmlns:xsi="http://www.w3.org/2001/XMLSchema-instance"
xsi:schemaLocation="http://www.loc.gov/MARC21/slim
http://www.loc.gov/standards/marcxml/schema/MARC21slim.xsd">
  <leader>03122cam  2200541Ma 4500</leader>
  <controlfield tag="001">032527042</controlfield>
  <datafield tag="245" ind1="0" ind2="0">
    <subfield code="a">Duke review of MRI principles</subfield>
    <subfield code="h">[electronic resource] /</subfield>
    <subfield code="c">Wells I. Mangrum ... [et al.].</subfield>
  </datafield>
</record>