

<record xmlns="http://www.loc.gov/MARC21/slim"
xmlns:xsi="http://www.w3.org/2001/XMLSchema-instance"
xsi:schemaLocation="http://www.loc.gov/MARC21/slim
http://www.loc.gov/standards/marcxml/schema/MARC21slim.xsd">
  <leader>04424cam  2200505Ka 4500</leader>
  <controlfield tag="001">032526981</controlfield>
  <datafield tag="245" ind1="0" ind2="0">
    <subfield code="a">Brain tumors</subfield>
    <subfield code="h">[electronic resource] :</subfield>
    <subfield code="b">an encyclopedic approach /</subfield>
    <subfield code="c">[edited by] Andrew H. Kaye, Edward R. Laws, Jr.</subfield>
  </datafield>
</record>