

<record xmlns="http://www.loc.gov/MARC21/slim"
xmlns:xsi="http://www.w3.org/2001/XMLSchema-instance"
xsi:schemaLocation="http://www.loc.gov/MARC21/slim
http://www.loc.gov/standards/marcxml/schema/MARC21slim.xsd">
  <leader>03172cam  2200517Ma 4500</leader>
  <controlfield tag="001">032526924</controlfield>
  <datafield tag="245" ind1="0" ind2="0">
    <subfield code="a">Soft tissue augmentation</subfield>
    <subfield code="h">[electronic resource] /</subfield>
    <subfield code="c">edited by Jean Carruthers, Alastair Carruthers.</subfield>
  </datafield>
  <datafield tag="500" ind1=" " ind2=" ">
    <subfield code="a">Alastair Carruthers was the first named editor of the previous edition.</subfield>
  </datafield>
</record>