

<record xmlns="http://www.loc.gov/MARC21/slim"
xmlns:xsi="http://www.w3.org/2001/XMLSchema-instance"
xsi:schemaLocation="http://www.loc.gov/MARC21/slim
http://www.loc.gov/standards/marcxml/schema/MARC21slim.xsd">
  <leader>03484cam  2200577Ia 4500</leader>
  <controlfield tag="001">032526912</controlfield>
  <datafield tag="245" ind1="0" ind2="0">
    <subfield code="a">Hinman&apos;s Atlas of urologic surgery</subfield>
    <subfield code="h">[electronic resource] /</subfield>
    <subfield code="c">[edited by] Joseph A. Smith, Jr., Stuart S. Howards, Glenn M. Preminger ; illustrated by William Winn.</subfield>
  </datafield>
  <datafield tag="500" ind1=" " ind2=" ">
    <subfield code="a">Rev. ed. of: Atlas of urologic surgery / Frank Hinman, Jr. ; illustrated by Paul H. Stempen. 2nd ed. c1998.</subfield>
  </datafield>
</record>