

<record xmlns="http://www.loc.gov/MARC21/slim"
xmlns:xsi="http://www.w3.org/2001/XMLSchema-instance"
xsi:schemaLocation="http://www.loc.gov/MARC21/slim
http://www.loc.gov/standards/marcxml/schema/MARC21slim.xsd">
  <leader>02675cam  2200553Ia 4500</leader>
  <controlfield tag="001">032526908</controlfield>
  <datafield tag="245" ind1="0" ind2="0">
    <subfield code="a">Clinical respiratory medicine</subfield>
    <subfield code="h">[electronic resource] :</subfield>
    <subfield code="b">expert consult /</subfield>
    <subfield code="c">[edited by] Stephen G. Spiro, Gerard A. Silvestri, Alwar Agusti.</subfield>
  </datafield>
  <datafield tag="500" ind1=" " ind2=" ">
    <subfield code="a">Includes index.</subfield>
  </datafield>
</record>