

<record xmlns="http://www.loc.gov/MARC21/slim"
xmlns:xsi="http://www.w3.org/2001/XMLSchema-instance"
xsi:schemaLocation="http://www.loc.gov/MARC21/slim
http://www.loc.gov/standards/marcxml/schema/MARC21slim.xsd">
  <leader>01591cam  2200433Ia 4500</leader>
  <controlfield tag="001">032526903</controlfield>
  <datafield tag="245" ind1="0" ind2="0">
    <subfield code="a">Illustrated textbook of paediatrics</subfield>
    <subfield code="h">[electronic resource] /</subfield>
    <subfield code="c">edited by Tom Lissauer, Graham Clayden ; foreword by Alan Craft.</subfield>
  </datafield>
</record>