

<record xmlns="http://www.loc.gov/MARC21/slim"
xmlns:xsi="http://www.w3.org/2001/XMLSchema-instance"
xsi:schemaLocation="http://www.loc.gov/MARC21/slim
http://www.loc.gov/standards/marcxml/schema/MARC21slim.xsd">
  <leader>02536cam  2200541Ia 4500</leader>
  <controlfield tag="001">032526902</controlfield>
  <datafield tag="245" ind1="0" ind2="0">
    <subfield code="a">Bronchoscopy and central airway disorders</subfield>
    <subfield code="h">[electronic resource] :</subfield>
    <subfield code="b">a patient-centered approach /</subfield>
    <subfield code="c">[edited by] Henri Colt, Septimiu Murgu.</subfield>
  </datafield>
  <datafield tag="500" ind1=" " ind2=" ">
    <subfield code="a">&quot;Expert Consult.&quot;</subfield>
  </datafield>
</record>