

<record xmlns="http://www.loc.gov/MARC21/slim"
xmlns:xsi="http://www.w3.org/2001/XMLSchema-instance"
xsi:schemaLocation="http://www.loc.gov/MARC21/slim
http://www.loc.gov/standards/marcxml/schema/MARC21slim.xsd">
  <leader>02684cam  2200613Ia 4500</leader>
  <controlfield tag="001">032526901</controlfield>
  <datafield tag="245" ind1="0" ind2="0">
    <subfield code="a">Tendon surgery of the hand</subfield>
    <subfield code="h">[electronic resource] /</subfield>
    <subfield code="c">editor-in-chief, Jin Bo Tang ; editors, Peter C. Amadio, Jean-Claude Guimberteau, James Chang ; contributing editors, David Elliot, Judy Colditz.</subfield>
  </datafield>
  <datafield tag="500" ind1=" " ind2=" ">
    <subfield code="a">&quot;Expert Consult.&quot;</subfield>
  </datafield>
</record>