

<record xmlns="http://www.loc.gov/MARC21/slim"
xmlns:xsi="http://www.w3.org/2001/XMLSchema-instance"
xsi:schemaLocation="http://www.loc.gov/MARC21/slim
http://www.loc.gov/standards/marcxml/schema/MARC21slim.xsd">
  <leader>03277cam  2200601Ka 4500</leader>
  <controlfield tag="001">032526885</controlfield>
  <datafield tag="245" ind1="0" ind2="0">
    <subfield code="a">Schmidek and Sweet operative neurosurgical techniques</subfield>
    <subfield code="h">[electronic resource] :</subfield>
    <subfield code="b">indications, methods and results /</subfield>
    <subfield code="c">[editor] Alfredo Quinones-Hinojosa.</subfield>
  </datafield>
</record>