

<record xmlns="http://www.loc.gov/MARC21/slim"
xmlns:xsi="http://www.w3.org/2001/XMLSchema-instance"
xsi:schemaLocation="http://www.loc.gov/MARC21/slim
http://www.loc.gov/standards/marcxml/schema/MARC21slim.xsd">
  <leader>03160cam  2200565Ia 4500</leader>
  <controlfield tag="001">032526883</controlfield>
  <datafield tag="245" ind1="0" ind2="0">
    <subfield code="a">Hutchison&apos;s clinical methods</subfield>
    <subfield code="h">[electronic resource] :</subfield>
    <subfield code="b">an integrated approach to clinical practice.</subfield>
  </datafield>
  <datafield tag="500" ind1=" " ind2=" ">
    <subfield code="a">Includes index.</subfield>
  </datafield>
  <datafield tag="500" ind1=" " ind2=" ">
    <subfield code="a">&quot;Student consult.&quot;</subfield>
  </datafield>
</record>