

<record xmlns="http://www.loc.gov/MARC21/slim"
xmlns:xsi="http://www.w3.org/2001/XMLSchema-instance"
xsi:schemaLocation="http://www.loc.gov/MARC21/slim
http://www.loc.gov/standards/marcxml/schema/MARC21slim.xsd">
  <leader>03519cam  2200553Ia 4500</leader>
  <controlfield tag="001">032526881</controlfield>
  <datafield tag="245" ind1="0" ind2="0">
    <subfield code="a">Oncologic imaging</subfield>
    <subfield code="h">[electronic resource] :</subfield>
    <subfield code="b">a multidisciplinary approach /</subfield>
    <subfield code="c">Paul M. Silverman, editor-in-chief.</subfield>
  </datafield>
</record>