

<record xmlns="http://www.loc.gov/MARC21/slim"
xmlns:xsi="http://www.w3.org/2001/XMLSchema-instance"
xsi:schemaLocation="http://www.loc.gov/MARC21/slim
http://www.loc.gov/standards/marcxml/schema/MARC21slim.xsd">
  <leader>03696cam  2200673Ia 4500</leader>
  <controlfield tag="001">032526878</controlfield>
  <datafield tag="245" ind1="0" ind2="0">
    <subfield code="a">Muscle</subfield>
    <subfield code="h">[electronic resource] :</subfield>
    <subfield code="b">fundamental biology and mechanisms of disease /</subfield>
    <subfield code="c">edited by Joseph A. Hill and Eric N. Olson ; section editors, Kathy K. Griendling ... [et al.].</subfield>
  </datafield>
</record>