

<record xmlns="http://www.loc.gov/MARC21/slim"
xmlns:xsi="http://www.w3.org/2001/XMLSchema-instance"
xsi:schemaLocation="http://www.loc.gov/MARC21/slim
http://www.loc.gov/standards/marcxml/schema/MARC21slim.xsd">
  <leader>01481cam  2200385Ma 4500</leader>
  <controlfield tag="001">032526877</controlfield>
  <datafield tag="245" ind1="0" ind2="0">
    <subfield code="a">Ward&apos;s anaesthetic equipment</subfield>
    <subfield code="h">[electronic resource].</subfield>
  </datafield>
</record>