

<record xmlns="http://www.loc.gov/MARC21/slim"
xmlns:xsi="http://www.w3.org/2001/XMLSchema-instance"
xsi:schemaLocation="http://www.loc.gov/MARC21/slim
http://www.loc.gov/standards/marcxml/schema/MARC21slim.xsd">
  <leader>02972cam  2200493Ia 4500</leader>
  <controlfield tag="001">032526876</controlfield>
  <datafield tag="245" ind1="0" ind2="0">
    <subfield code="a">Dermatology</subfield>
    <subfield code="h">[electronic resource] /</subfield>
    <subfield code="c">edited by Jean L. Bolognia, Joseph L. Jorizzo, Julie V. Schaffer.</subfield>
  </datafield>
  <datafield tag="500" ind1=" " ind2=" ">
    <subfield code="a">Previous ed.: 2008.</subfield>
  </datafield>
</record>