

<record xmlns="http://www.loc.gov/MARC21/slim"
xmlns:xsi="http://www.w3.org/2001/XMLSchema-instance"
xsi:schemaLocation="http://www.loc.gov/MARC21/slim
http://www.loc.gov/standards/marcxml/schema/MARC21slim.xsd">
  <leader>03488cam  2200625Ka 4500</leader>
  <controlfield tag="001">032526874</controlfield>
  <datafield tag="245" ind1="0" ind2="0">
    <subfield code="a">Anesthesia and uncommon diseases</subfield>
    <subfield code="h">[electronic resource].</subfield>
  </datafield>
  <datafield tag="500" ind1=" " ind2=" ">
    <subfield code="a">Previous ed.: 2006.</subfield>
  </datafield>
</record>