

<record xmlns="http://www.loc.gov/MARC21/slim"
xmlns:xsi="http://www.w3.org/2001/XMLSchema-instance"
xsi:schemaLocation="http://www.loc.gov/MARC21/slim
http://www.loc.gov/standards/marcxml/schema/MARC21slim.xsd">
  <leader>01908cam  2200481Ka 4500</leader>
  <controlfield tag="001">032526853</controlfield>
  <datafield tag="245" ind1="0" ind2="0">
    <subfield code="a">Atlas of minimally invasive surgical techniques</subfield>
    <subfield code="h">[electronic resource] /</subfield>
    <subfield code="c">editors, Ashley H. Vernon, Stanley W. Ashley.</subfield>
  </datafield>
</record>