

<record xmlns="http://www.loc.gov/MARC21/slim"
xmlns:xsi="http://www.w3.org/2001/XMLSchema-instance"
xsi:schemaLocation="http://www.loc.gov/MARC21/slim
http://www.loc.gov/standards/marcxml/schema/MARC21slim.xsd">
  <leader>03127cam  2200553La 4500</leader>
  <controlfield tag="001">032526849</controlfield>
  <datafield tag="245" ind1="0" ind2="4">
    <subfield code="a">The medical management of AIDS</subfield>
    <subfield code="h">[electronic resource] .</subfield>
    <subfield code="p">2012 /</subfield>
    <subfield code="c">[edited by] Paul. A. Volberding ... [et al.].</subfield>
  </datafield>
  <datafield tag="500" ind1=" " ind2=" ">
    <subfield code="a">Previous ed.: 2008.</subfield>
  </datafield>
</record>