

<record xmlns="http://www.loc.gov/MARC21/slim"
xmlns:xsi="http://www.w3.org/2001/XMLSchema-instance"
xsi:schemaLocation="http://www.loc.gov/MARC21/slim
http://www.loc.gov/standards/marcxml/schema/MARC21slim.xsd">
  <leader>06887cam  2200517La 4500</leader>
  <controlfield tag="001">032526848</controlfield>
  <datafield tag="245" ind1="0" ind2="4">
    <subfield code="a">The practice of clinical echocardiography</subfield>
    <subfield code="h">[electronic resource] /</subfield>
    <subfield code="c">[edited by] Catherine M. Otto.</subfield>
  </datafield>
</record>