

<record xmlns="http://www.loc.gov/MARC21/slim"
xmlns:xsi="http://www.w3.org/2001/XMLSchema-instance"
xsi:schemaLocation="http://www.loc.gov/MARC21/slim
http://www.loc.gov/standards/marcxml/schema/MARC21slim.xsd">
  <leader>04228cam  2200613La 4500</leader>
  <controlfield tag="001">032526847</controlfield>
  <datafield tag="245" ind1="0" ind2="0">
    <subfield code="a">Stoelting&apos;s anesthesia and co-existing disease</subfield>
    <subfield code="h">[electronic resource].</subfield>
  </datafield>
</record>