

<record xmlns="http://www.loc.gov/MARC21/slim"
xmlns:xsi="http://www.w3.org/2001/XMLSchema-instance"
xsi:schemaLocation="http://www.loc.gov/MARC21/slim
http://www.loc.gov/standards/marcxml/schema/MARC21slim.xsd">
  <leader>03652cam  2200553La 4500</leader>
  <controlfield tag="001">032526846</controlfield>
  <datafield tag="245" ind1="0" ind2="0">
    <subfield code="a">Principles of neurological surgery</subfield>
    <subfield code="h">[electronic resource] /</subfield>
    <subfield code="c">editors, Richard G. Ellenbogen, Saleem I. Abdulrauf ; associate editor, Laligam N. Sekhar.</subfield>
  </datafield>
  <datafield tag="500" ind1=" " ind2=" ">
    <subfield code="a">Rev. ed. of: Principles of neurosurgery / edited by Setti S. Rengachary, Richard G. Ellenbogen. 2nd ed. 2005.</subfield>
  </datafield>
</record>