

<record xmlns="http://www.loc.gov/MARC21/slim"
xmlns:xsi="http://www.w3.org/2001/XMLSchema-instance"
xsi:schemaLocation="http://www.loc.gov/MARC21/slim
http://www.loc.gov/standards/marcxml/schema/MARC21slim.xsd">
  <leader>07329cam  2200613La 4500</leader>
  <controlfield tag="001">032526844</controlfield>
  <datafield tag="245" ind1="0" ind2="0">
    <subfield code="a">Kendig and Chernick&apos;s disorders of the respiratory tract in children</subfield>
    <subfield code="h">[electronic resource].</subfield>
  </datafield>
  <datafield tag="500" ind1=" " ind2=" ">
    <subfield code="a">Rev. ed. of: Kendig&apos;s disorders of the respiratory tract in children. 7th ed. c2006.</subfield>
  </datafield>
</record>