

<record xmlns="http://www.loc.gov/MARC21/slim"
xmlns:xsi="http://www.w3.org/2001/XMLSchema-instance"
xsi:schemaLocation="http://www.loc.gov/MARC21/slim
http://www.loc.gov/standards/marcxml/schema/MARC21slim.xsd">
  <leader>03789cam  2200505Ka 4500</leader>
  <controlfield tag="001">032526836</controlfield>
  <datafield tag="245" ind1="0" ind2="0">
    <subfield code="a">Blumgart&apos;s surgery of the liver, biliary tract, and pancreas</subfield>
    <subfield code="h">[electronic resource] /</subfield>
    <subfield code="c">editor-in-chief, William R. Jarnagin ; associate editors, Jacques Belghiti ... [et al.] ; editor emeritus, Leslie H. Blumgart.</subfield>
  </datafield>
</record>