

<record xmlns="http://www.loc.gov/MARC21/slim"
xmlns:xsi="http://www.w3.org/2001/XMLSchema-instance"
xsi:schemaLocation="http://www.loc.gov/MARC21/slim
http://www.loc.gov/standards/marcxml/schema/MARC21slim.xsd">
  <leader>01838cam  2200481La 4500</leader>
  <controlfield tag="001">032526812</controlfield>
  <datafield tag="245" ind1="0" ind2="0">
    <subfield code="a">Uropathology</subfield>
    <subfield code="h">[electronic resource] :</subfield>
    <subfield code="b">high-yield pathology /</subfield>
    <subfield code="c">[edited by] Ming Zhou, George J. Netto, Jonathan I. Epstein.</subfield>
  </datafield>
  <datafield tag="500" ind1=" " ind2=" ">
    <subfield code="a">&quot;Expert Consult.&quot;</subfield>
  </datafield>
  <datafield tag="500" ind1=" " ind2=" ">
    <subfield code="a">Includes index.</subfield>
  </datafield>
</record>