

<record xmlns="http://www.loc.gov/MARC21/slim"
xmlns:xsi="http://www.w3.org/2001/XMLSchema-instance"
xsi:schemaLocation="http://www.loc.gov/MARC21/slim
http://www.loc.gov/standards/marcxml/schema/MARC21slim.xsd">
  <leader>02809cam  2200589La 4500</leader>
  <controlfield tag="001">032526802</controlfield>
  <datafield tag="245" ind1="0" ind2="0">
    <subfield code="a">Electrophysiological disorders of the heart</subfield>
    <subfield code="h">[electronic resource] /</subfield>
    <subfield code="c">editors, Sanjeev Saksena, A. John Camm ; associate editors, Penelope A. Boyden ... [et al.].</subfield>
  </datafield>
  <datafield tag="500" ind1=" " ind2=" ">
    <subfield code="a">&quot;Expert consult.&quot;</subfield>
  </datafield>
</record>