

<record xmlns="http://www.loc.gov/MARC21/slim"
xmlns:xsi="http://www.w3.org/2001/XMLSchema-instance"
xsi:schemaLocation="http://www.loc.gov/MARC21/slim
http://www.loc.gov/standards/marcxml/schema/MARC21slim.xsd">
  <leader>05711cam  2200709Ka 4500</leader>
  <controlfield tag="001">032526799</controlfield>
  <datafield tag="245" ind1="0" ind2="4">
    <subfield code="a">The newborn lung</subfield>
    <subfield code="h">[electronic resource] :</subfield>
    <subfield code="b">neonatology questions and controversies /</subfield>
    <subfield code="c">[edited by] Eduardo Bancalari ; consulting editor, Richard A. Polin.</subfield>
  </datafield>
</record>