

<record xmlns="http://www.loc.gov/MARC21/slim"
xmlns:xsi="http://www.w3.org/2001/XMLSchema-instance"
xsi:schemaLocation="http://www.loc.gov/MARC21/slim
http://www.loc.gov/standards/marcxml/schema/MARC21slim.xsd">
  <leader>05139cam  2200661Ka 4500</leader>
  <controlfield tag="001">032526798</controlfield>
  <datafield tag="245" ind1="0" ind2="0">
    <subfield code="a">Hematology, immunology and infectious disease</subfield>
    <subfield code="h">[electronic resource] :</subfield>
    <subfield code="b">neonatology questions and controversies /</subfield>
    <subfield code="c">[edited by] Robin K. Ohls, Akhil Maheshwari ; consulting editor, Richard A. Polin.</subfield>
  </datafield>
</record>