

<record xmlns="http://www.loc.gov/MARC21/slim"
xmlns:xsi="http://www.w3.org/2001/XMLSchema-instance"
xsi:schemaLocation="http://www.loc.gov/MARC21/slim
http://www.loc.gov/standards/marcxml/schema/MARC21slim.xsd">
  <leader>05122cam  2200649Ka 4500</leader>
  <controlfield tag="001">032526797</controlfield>
  <datafield tag="245" ind1="0" ind2="0">
    <subfield code="a">Nephrology and fluid/electrolyte physiology</subfield>
    <subfield code="h">[electronic resource] :</subfield>
    <subfield code="b">neonatology questions and controversies /</subfield>
    <subfield code="c">[edited by] William Oh, Jean-Pierre Guignard, Stephen Baumgart ; consulting editor, Richard A. Polin.</subfield>
  </datafield>
</record>