

<record xmlns="http://www.loc.gov/MARC21/slim"
xmlns:xsi="http://www.w3.org/2001/XMLSchema-instance"
xsi:schemaLocation="http://www.loc.gov/MARC21/slim
http://www.loc.gov/standards/marcxml/schema/MARC21slim.xsd">
  <leader>03589cam  2200589Ka 4500</leader>
  <controlfield tag="001">032526792</controlfield>
  <datafield tag="245" ind1="0" ind2="0">
    <subfield code="a">Dacie and Lewis practical haematology</subfield>
    <subfield code="h">[electronic resource] /</subfield>
    <subfield code="c">[edited by] Barbara J. Bain ... [et al.].</subfield>
  </datafield>
  <datafield tag="500" ind1=" " ind2=" ">
    <subfield code="a">&quot;Expert consult.&quot;</subfield>
  </datafield>
</record>