

<record xmlns="http://www.loc.gov/MARC21/slim"
xmlns:xsi="http://www.w3.org/2001/XMLSchema-instance"
xsi:schemaLocation="http://www.loc.gov/MARC21/slim
http://www.loc.gov/standards/marcxml/schema/MARC21slim.xsd">
  <leader>04800cam  2200601Ia 4500</leader>
  <controlfield tag="001">032526791</controlfield>
  <datafield tag="245" ind1="0" ind2="4">
    <subfield code="a">The human nervous system</subfield>
    <subfield code="h">[electronic resource] /</subfield>
    <subfield code="c">edited by Jürgen K. Mai, George Paxinos.</subfield>
  </datafield>
  <datafield tag="500" ind1=" " ind2=" ">
    <subfield code="a">Rev. ed. of: The human nervous system / edited by George Paxinos, Jürgen K. Mai. 2nd. ed., 2004.</subfield>
  </datafield>
</record>