

<record xmlns="http://www.loc.gov/MARC21/slim"
xmlns:xsi="http://www.w3.org/2001/XMLSchema-instance"
xsi:schemaLocation="http://www.loc.gov/MARC21/slim
http://www.loc.gov/standards/marcxml/schema/MARC21slim.xsd">
  <leader>04075cam  2200577Ia 4500</leader>
  <controlfield tag="001">032526790</controlfield>
  <datafield tag="245" ind1="0" ind2="0">
    <subfield code="a">Physical rehabilitation of the injured athlete</subfield>
    <subfield code="h">[electronic resource] /</subfield>
    <subfield code="c">[edited by] James R. Andrews, Gary L. Harrelson, Kevin E. Wilk.</subfield>
  </datafield>
</record>