

<record xmlns="http://www.loc.gov/MARC21/slim"
xmlns:xsi="http://www.w3.org/2001/XMLSchema-instance"
xsi:schemaLocation="http://www.loc.gov/MARC21/slim
http://www.loc.gov/standards/marcxml/schema/MARC21slim.xsd">
  <leader>06354cam  2200613Ka 4500</leader>
  <controlfield tag="001">032526787</controlfield>
  <datafield tag="245" ind1="0" ind2="0">
    <subfield code="a">Best evidence for spine surgery</subfield>
    <subfield code="h">[electronic resource] :</subfield>
    <subfield code="b">20 cardinal cases /</subfield>
    <subfield code="c">editors, Rahul Jandial, Steven R. Garfin ; associate editors, Christopher Ames ... [et al.].</subfield>
  </datafield>
</record>