

<record xmlns="http://www.loc.gov/MARC21/slim"
xmlns:xsi="http://www.w3.org/2001/XMLSchema-instance"
xsi:schemaLocation="http://www.loc.gov/MARC21/slim
http://www.loc.gov/standards/marcxml/schema/MARC21slim.xsd">
  <leader>04986cam  2200673Ia 4500</leader>
  <controlfield tag="001">032526781</controlfield>
  <datafield tag="245" ind1="0" ind2="0">
    <subfield code="a">Food allergy</subfield>
    <subfield code="h">[electronic resource] /</subfield>
    <subfield code="c">[edited by] John M. James, Wesley Burks, Philippe Eigenmann.</subfield>
  </datafield>
  <datafield tag="500" ind1=" " ind2=" ">
    <subfield code="a">&quot;Expert consult.&quot;---Cover.</subfield>
  </datafield>
</record>