

<record xmlns="http://www.loc.gov/MARC21/slim"
xmlns:xsi="http://www.w3.org/2001/XMLSchema-instance"
xsi:schemaLocation="http://www.loc.gov/MARC21/slim
http://www.loc.gov/standards/marcxml/schema/MARC21slim.xsd">
  <leader>02360cam  2200565La 4500</leader>
  <controlfield tag="001">032526779</controlfield>
  <datafield tag="245" ind1="0" ind2="0">
    <subfield code="a">Presentation, imaging and treatment of common musculoskeletal conditions</subfield>
    <subfield code="h">[electronic resource] :</subfield>
    <subfield code="b">MRI-arthroscopy correlation /</subfield>
    <subfield code="c">editors, Mark D. Miller, Timothy G. Sanders.</subfield>
  </datafield>
</record>