

<record xmlns="http://www.loc.gov/MARC21/slim"
xmlns:xsi="http://www.w3.org/2001/XMLSchema-instance"
xsi:schemaLocation="http://www.loc.gov/MARC21/slim
http://www.loc.gov/standards/marcxml/schema/MARC21slim.xsd">
  <leader>02986cam  2200601Ia 4500</leader>
  <controlfield tag="001">032526774</controlfield>
  <datafield tag="245" ind1="0" ind2="0">
    <subfield code="a">Cellular physiology and neurophysiology</subfield>
    <subfield code="h">[electronic resource] /</subfield>
    <subfield code="c">edited by Mordecai P. Blaustein, Joseph P.Y. Kao, Donald R. Matteson.</subfield>
  </datafield>
  <datafield tag="500" ind1=" " ind2=" ">
    <subfield code="a">Rev. ed. of: Cellular physiology / Mordecai P. Blaustein, Joseph P.Y. Kao, Donald R. Matteson. c2004.</subfield>
  </datafield>
</record>