

<record xmlns="http://www.loc.gov/MARC21/slim"
xmlns:xsi="http://www.w3.org/2001/XMLSchema-instance"
xsi:schemaLocation="http://www.loc.gov/MARC21/slim
http://www.loc.gov/standards/marcxml/schema/MARC21slim.xsd">
  <leader>02581cam  2200589Ia 4500</leader>
  <controlfield tag="001">032526772</controlfield>
  <datafield tag="245" ind1="0" ind2="0">
    <subfield code="a">Shoulder instability</subfield>
    <subfield code="h">[electronic resource] :</subfield>
    <subfield code="b">a comprehensive approach /</subfield>
    <subfield code="c">[edited by] Matthew T. Provencher, Anthony A. Romeo.</subfield>
  </datafield>
  <datafield tag="500" ind1=" " ind2=" ">
    <subfield code="a">&quot;Expert consult.&quot;</subfield>
  </datafield>
  <datafield tag="500" ind1=" " ind2=" ">
    <subfield code="a">Description based upon print version of record.</subfield>
  </datafield>
</record>