

<record xmlns="http://www.loc.gov/MARC21/slim"
xmlns:xsi="http://www.w3.org/2001/XMLSchema-instance"
xsi:schemaLocation="http://www.loc.gov/MARC21/slim
http://www.loc.gov/standards/marcxml/schema/MARC21slim.xsd">
  <leader>02784cam  2200733La 4500</leader>
  <controlfield tag="001">032526765</controlfield>
  <datafield tag="245" ind1="0" ind2="0">
    <subfield code="a">Spinal injections and peripheral nerve blocks</subfield>
    <subfield code="h">[electronic resource] /</subfield>
    <subfield code="c">volume editors, Marc A. Huntoon, Honorio T. Benzon, Samer Nauroze ; video editor, Samer Nauroze.</subfield>
  </datafield>
  <datafield tag="500" ind1=" " ind2=" ">
    <subfield code="a">Two columns to the page.</subfield>
  </datafield>
</record>