

<record xmlns="http://www.loc.gov/MARC21/slim"
xmlns:xsi="http://www.w3.org/2001/XMLSchema-instance"
xsi:schemaLocation="http://www.loc.gov/MARC21/slim
http://www.loc.gov/standards/marcxml/schema/MARC21slim.xsd">
  <leader>02096cam  2200529La 4500</leader>
  <controlfield tag="001">032526760</controlfield>
  <datafield tag="245" ind1="0" ind2="0">
    <subfield code="a">Neurostimulation for the treatment of chronic pain</subfield>
    <subfield code="h">[electronic resource] /</subfield>
    <subfield code="c">volume editors, Salim M. Hayek, Robert Levy.</subfield>
  </datafield>
  <datafield tag="500" ind1=" " ind2=" ">
    <subfield code="a">Two columns to the page.</subfield>
  </datafield>
</record>