

<record xmlns="http://www.loc.gov/MARC21/slim"
xmlns:xsi="http://www.w3.org/2001/XMLSchema-instance"
xsi:schemaLocation="http://www.loc.gov/MARC21/slim
http://www.loc.gov/standards/marcxml/schema/MARC21slim.xsd">
  <leader>02705cam  2200565Ia 4500</leader>
  <controlfield tag="001">032526742</controlfield>
  <datafield tag="245" ind1="0" ind2="0">
    <subfield code="a">Dermoscopy</subfield>
    <subfield code="h">[electronic resource] :</subfield>
    <subfield code="b">the essentials /</subfield>
    <subfield code="c">Peter Soyer ... [et al.].</subfield>
  </datafield>
</record>