

<record xmlns="http://www.loc.gov/MARC21/slim"
xmlns:xsi="http://www.w3.org/2001/XMLSchema-instance"
xsi:schemaLocation="http://www.loc.gov/MARC21/slim
http://www.loc.gov/standards/marcxml/schema/MARC21slim.xsd">
  <leader>13829cam  2200601Ka 4500</leader>
  <controlfield tag="001">032526740</controlfield>
  <datafield tag="245" ind1="0" ind2="0">
    <subfield code="a">Insall &amp; Scott surgery of the knee</subfield>
    <subfield code="h">[electronic resource] /</subfield>
    <subfield code="c">editor, W. Norman Scott.</subfield>
  </datafield>
</record>