

<record xmlns="http://www.loc.gov/MARC21/slim"
xmlns:xsi="http://www.w3.org/2001/XMLSchema-instance"
xsi:schemaLocation="http://www.loc.gov/MARC21/slim
http://www.loc.gov/standards/marcxml/schema/MARC21slim.xsd">
  <leader>04301cam  2200589Ka 4500</leader>
  <controlfield tag="001">032526715</controlfield>
  <datafield tag="245" ind1="0" ind2="0">
    <subfield code="a">MacSween&apos;s pathology of the liver</subfield>
    <subfield code="h">[electronic resource].</subfield>
  </datafield>
  <datafield tag="500" ind1=" " ind2=" ">
    <subfield code="a">&quot;Expert consult&quot;--Cover.</subfield>
  </datafield>
  <datafield tag="500" ind1=" " ind2=" ">
    <subfield code="a">Previous ed.: Edinburgh: Elsevier Churchill Livingstone, 2006.</subfield>
  </datafield>
</record>