

<record xmlns="http://www.loc.gov/MARC21/slim"
xmlns:xsi="http://www.w3.org/2001/XMLSchema-instance"
xsi:schemaLocation="http://www.loc.gov/MARC21/slim
http://www.loc.gov/standards/marcxml/schema/MARC21slim.xsd">
  <leader>04460cam  2200553Ka 4500</leader>
  <controlfield tag="001">032526714</controlfield>
  <datafield tag="245" ind1="0" ind2="0">
    <subfield code="a">Handbook of liver disease</subfield>
    <subfield code="h">[electronic resource] /</subfield>
    <subfield code="c">edited by Lawrence S. Friedman, Emmet B. Keeffe ; foreword by Jules L. Dienstag.</subfield>
  </datafield>
</record>