

<record xmlns="http://www.loc.gov/MARC21/slim"
xmlns:xsi="http://www.w3.org/2001/XMLSchema-instance"
xsi:schemaLocation="http://www.loc.gov/MARC21/slim
http://www.loc.gov/standards/marcxml/schema/MARC21slim.xsd">
  <leader>03281cam  2200481La 4500</leader>
  <controlfield tag="001">032526702</controlfield>
  <datafield tag="245" ind1="0" ind2="0">
    <subfield code="a">McKee&apos;s pathology of the skin</subfield>
    <subfield code="h">[electronic resource] :</subfield>
    <subfield code="b">with clinical correlations /</subfield>
    <subfield code="c">edited by Eduardo Calonje, Thomas Brenn, Alexander Lazar ; editor-in-chief, Phillip H. McKee.</subfield>
  </datafield>
  <datafield tag="500" ind1=" " ind2=" ">
    <subfield code="a">&quot;Expert consult.&quot;</subfield>
  </datafield>
</record>