

<record xmlns="http://www.loc.gov/MARC21/slim"
xmlns:xsi="http://www.w3.org/2001/XMLSchema-instance"
xsi:schemaLocation="http://www.loc.gov/MARC21/slim
http://www.loc.gov/standards/marcxml/schema/MARC21slim.xsd">
  <leader>03976cam  2200541Ka 4500</leader>
  <controlfield tag="001">032526697</controlfield>
  <datafield tag="245" ind1="0" ind2="0">
    <subfield code="a">Mechanical circulatory support</subfield>
    <subfield code="h">[electronic resource] :</subfield>
    <subfield code="b">a companion to Braunwald&apos;s heart disease /</subfield>
    <subfield code="c">[edited by] Robert L. Kormos, Leslie W. Miller.</subfield>
  </datafield>
  <datafield tag="500" ind1=" " ind2=" ">
    <subfield code="a">A companion to: Braunwald&apos;s heart disease / edited by Robert O. Bonow ... [et al.]. 9th ed. c2012.</subfield>
  </datafield>
</record>