

<record xmlns="http://www.loc.gov/MARC21/slim"
xmlns:xsi="http://www.w3.org/2001/XMLSchema-instance"
xsi:schemaLocation="http://www.loc.gov/MARC21/slim
http://www.loc.gov/standards/marcxml/schema/MARC21slim.xsd">
  <leader>05299cam  2200589Ka 4500</leader>
  <controlfield tag="001">032526635</controlfield>
  <datafield tag="245" ind1="0" ind2="0">
    <subfield code="a">Practical management of pediatric and adult brachial plexus palsies</subfield>
    <subfield code="h">[electronic resource] /</subfield>
    <subfield code="c">[edited by] Kevin C. Chung, Lynda J.-S. Yang, John E. McGillicuddy.</subfield>
  </datafield>
</record>