

<record xmlns="http://www.loc.gov/MARC21/slim"
xmlns:xsi="http://www.w3.org/2001/XMLSchema-instance"
xsi:schemaLocation="http://www.loc.gov/MARC21/slim
http://www.loc.gov/standards/marcxml/schema/MARC21slim.xsd">
  <leader>06259cam  2200613Ka 4500</leader>
  <controlfield tag="001">032526633</controlfield>
  <datafield tag="245" ind1="0" ind2="0">
    <subfield code="a">Zakim and Boyer&apos;s hepatology</subfield>
    <subfield code="h">[electronic resource] :</subfield>
    <subfield code="b">a textbook of liver disease /</subfield>
    <subfield code="c">[edited by] Thomas D. Boyer, Michael P. Manns, Arun J. Sanyal.</subfield>
  </datafield>
</record>