

<record xmlns="http://www.loc.gov/MARC21/slim"
xmlns:xsi="http://www.w3.org/2001/XMLSchema-instance"
xsi:schemaLocation="http://www.loc.gov/MARC21/slim
http://www.loc.gov/standards/marcxml/schema/MARC21slim.xsd">
  <leader>07554cam  2200697 a 4500</leader>
  <controlfield tag="001">032526617</controlfield>
  <datafield tag="245" ind1="0" ind2="0">
    <subfield code="a">Spine secrets plus</subfield>
    <subfield code="h">[electronic resource] /</subfield>
    <subfield code="c">[edited by] Vincent J. Devlin.</subfield>
  </datafield>
  <datafield tag="500" ind1=" " ind2=" ">
    <subfield code="a">Rev. ed. of: Spine secrets / edited by Vincent J. Devlin. c2003.</subfield>
  </datafield>
</record>