

<record xmlns="http://www.loc.gov/MARC21/slim"
xmlns:xsi="http://www.w3.org/2001/XMLSchema-instance"
xsi:schemaLocation="http://www.loc.gov/MARC21/slim
http://www.loc.gov/standards/marcxml/schema/MARC21slim.xsd">
  <leader>     cam  2200337Ia 4500</leader>
  <controlfield tag="001">032525250</controlfield>
  <datafield tag="245" ind1="0" ind2="0">
    <subfield code="a">Behavioral science in medicine</subfield>
    <subfield code="h">[electronic resource] /</subfield>
    <subfield code="c">[edited by] Barbara Fadem.</subfield>
  </datafield>
  <datafield tag="500" ind1=" " ind2=" ">
    <subfield code="a">Rev. ed. of: Behavioral science in medicine / Barbara Fadem. c2004.</subfield>
  </datafield>
</record>