

<record xmlns="http://www.loc.gov/MARC21/slim"
xmlns:xsi="http://www.w3.org/2001/XMLSchema-instance"
xsi:schemaLocation="http://www.loc.gov/MARC21/slim
http://www.loc.gov/standards/marcxml/schema/MARC21slim.xsd">
  <leader>     nam  2200469Ii 4500</leader>
  <controlfield tag="001">032374453</controlfield>
  <datafield tag="245" ind1="0" ind2="0">
    <subfield code="a">Thieme teaching assistant.</subfield>
    <subfield code="p">Anatomy</subfield>
  </datafield>
  <datafield tag="500" ind1=" " ind2=" ">
    <subfield code="a">A state-of-the-art presentation tool featuring thousands of stunning illustrations and clinical images from Gilroy et al.&apos;s Atlas of Anatomy, Second Edition, as well as other premier Thieme titles. It enables instructors to enhance students&apos; learning experiences by incorporating dynamic visuals into lectures and course materials to present complex concepts with unprecedented clarity.</subfield>
  </datafield>
</record>