

<record xmlns="http://www.loc.gov/MARC21/slim"
xmlns:xsi="http://www.w3.org/2001/XMLSchema-instance"
xsi:schemaLocation="http://www.loc.gov/MARC21/slim
http://www.loc.gov/standards/marcxml/schema/MARC21slim.xsd">
  <leader>     cam  2200625Ii 4500</leader>
  <controlfield tag="001">032357613</controlfield>
  <datafield tag="245" ind1="0" ind2="0">
    <subfield code="a">Zitelli and Davis&apos; atlas of pediatric physical diagnosis /</subfield>
    <subfield code="c">[edited by] Basil J. Zitelli, Sara C. McIntire, Andrew J. Nowalk.</subfield>
  </datafield>
  <datafield tag="500" ind1=" " ind2=" ">
    <subfield code="a">Revised edition of: Atlas of pediatric physical diagnosis / [edited by] Basil J. Zitelli, Holly W. Davis. c2007.</subfield>
  </datafield>
</record>