

<record xmlns="http://www.loc.gov/MARC21/slim"
xmlns:xsi="http://www.w3.org/2001/XMLSchema-instance"
xsi:schemaLocation="http://www.loc.gov/MARC21/slim
http://www.loc.gov/standards/marcxml/schema/MARC21slim.xsd">
  <leader>     cam  2200661Ka 4500</leader>
  <controlfield tag="001">032070952</controlfield>
  <datafield tag="245" ind1="0" ind2="0">
    <subfield code="a">Clinical gynecologic oncology</subfield>
    <subfield code="h">[electronic resource] /</subfield>
    <subfield code="c">[edited by] Philip J. Di Saia, William T. Creasman ; associate editors, Robert S. Mannel, D. Scott McMeekin, David G. Mutch.</subfield>
  </datafield>
  <datafield tag="500" ind1=" " ind2=" ">
    <subfield code="a">Rev. ed. of: Clinical gynecologic oncology / Philip J. DiSaia, William T. Creaseman. 7th ed. 2007.</subfield>
  </datafield>
</record>