

<record xmlns="http://www.loc.gov/MARC21/slim"
xmlns:xsi="http://www.w3.org/2001/XMLSchema-instance"
xsi:schemaLocation="http://www.loc.gov/MARC21/slim
http://www.loc.gov/standards/marcxml/schema/MARC21slim.xsd">
  <leader>     cam  2200481Ia 4500</leader>
  <controlfield tag="001">031840544</controlfield>
  <datafield tag="245" ind1="0" ind2="0">
    <subfield code="a">Cardiac surgery in the adult</subfield>
    <subfield code="h">[electronic resource].</subfield>
  </datafield>
  <datafield tag="500" ind1=" " ind2=" ">
    <subfield code="a">Previous edition: 2008.</subfield>
  </datafield>
</record>