

<record xmlns="http://www.loc.gov/MARC21/slim"
xmlns:xsi="http://www.w3.org/2001/XMLSchema-instance"
xsi:schemaLocation="http://www.loc.gov/MARC21/slim
http://www.loc.gov/standards/marcxml/schema/MARC21slim.xsd">
  <leader>02210cam  2200589Ma 4500</leader>
  <controlfield tag="001">031387636</controlfield>
  <datafield tag="245" ind1="0" ind2="0">
    <subfield code="a">Klaus &amp; Fanaroff&apos;s care of the high-risk neonate</subfield>
    <subfield code="h">[electronic resource] /</subfield>
    <subfield code="c">[edited by] Avroy A. Fanaroff, Jonathan M. Fanaroff.</subfield>
  </datafield>
  <datafield tag="500" ind1=" " ind2=" ">
    <subfield code="a">Rev. ed. of: Care of the high-risk neonate / [edited by] Marshall H. Klaus, Avroy A. Fanaroff. 5th ed. c2001.</subfield>
  </datafield>
  <datafield tag="500" ind1=" " ind2=" ">
    <subfield code="a">Includes index.</subfield>
  </datafield>
</record>