

<record xmlns="http://www.loc.gov/MARC21/slim"
xmlns:xsi="http://www.w3.org/2001/XMLSchema-instance"
xsi:schemaLocation="http://www.loc.gov/MARC21/slim
http://www.loc.gov/standards/marcxml/schema/MARC21slim.xsd">
  <leader>01905cam  2200517Ia 4500</leader>
  <controlfield tag="001">031387631</controlfield>
  <datafield tag="245" ind1="0" ind2="4">
    <subfield code="a">The ophthalmic assistant</subfield>
    <subfield code="h">[electronic resource] :</subfield>
    <subfield code="b">a text for allied and associated ophthalmic personnel /</subfield>
    <subfield code="c">edited by Harold A. Stein, Raymond M. Stein, Melvin I. Freeman.</subfield>
  </datafield>
</record>