

<record xmlns="http://www.loc.gov/MARC21/slim"
xmlns:xsi="http://www.w3.org/2001/XMLSchema-instance"
xsi:schemaLocation="http://www.loc.gov/MARC21/slim
http://www.loc.gov/standards/marcxml/schema/MARC21slim.xsd">
  <leader>01317nam  2200337Ia 4500</leader>
  <controlfield tag="001">031040003</controlfield>
  <datafield tag="245" ind1="0" ind2="0">
    <subfield code="a">Clinical pharmacology</subfield>
    <subfield code="h">[electronic resource] /</subfield>
    <subfield code="c">[edited by] Peter N. Bennett, Morris J. Brown, Pankaj Sharma.</subfield>
  </datafield>
  <datafield tag="500" ind1=" " ind2=" ">
    <subfield code="a">&quot;50th Anniversary ed.&quot;</subfield>
  </datafield>
</record>