

<record xmlns="http://www.loc.gov/MARC21/slim"
xmlns:xsi="http://www.w3.org/2001/XMLSchema-instance"
xsi:schemaLocation="http://www.loc.gov/MARC21/slim
http://www.loc.gov/standards/marcxml/schema/MARC21slim.xsd">
  <leader>     cam  2200385Ia 4500</leader>
  <controlfield tag="001">031004456</controlfield>
  <datafield tag="245" ind1="0" ind2="4">
    <subfield code="a">The patient history</subfield>
    <subfield code="b">an evidence-based approach to differential diagnosis /</subfield>
    <subfield code="c">edited by Mark C. Henderson, Lawrence M. Tierney, Jr., Gerald W. Smetana.</subfield>
  </datafield>
</record>