

<record xmlns="http://www.loc.gov/MARC21/slim"
xmlns:xsi="http://www.w3.org/2001/XMLSchema-instance"
xsi:schemaLocation="http://www.loc.gov/MARC21/slim
http://www.loc.gov/standards/marcxml/schema/MARC21slim.xsd">
  <leader>01318nam  2200337Ia 4500</leader>
  <controlfield tag="001">030976620</controlfield>
  <datafield tag="245" ind1="0" ind2="0">
    <subfield code="a">Botulinum toxin</subfield>
    <subfield code="h">[electronic resource] /</subfield>
    <subfield code="c">edited by Alastair Carruthers, Jean Carruthers.</subfield>
  </datafield>
</record>