

<record xmlns="http://www.loc.gov/MARC21/slim"
xmlns:xsi="http://www.w3.org/2001/XMLSchema-instance"
xsi:schemaLocation="http://www.loc.gov/MARC21/slim
http://www.loc.gov/standards/marcxml/schema/MARC21slim.xsd">
  <leader>01239nam  2200313Ia 4500</leader>
  <controlfield tag="001">030976610</controlfield>
  <datafield tag="245" ind1="0" ind2="0">
    <subfield code="a">Atlas of advanced operative surgery</subfield>
    <subfield code="h">[electronic resource] /</subfield>
    <subfield code="c">[edited by] Vijay P. Khatri.</subfield>
  </datafield>
</record>