

<record xmlns="http://www.loc.gov/MARC21/slim"
xmlns:xsi="http://www.w3.org/2001/XMLSchema-instance"
xsi:schemaLocation="http://www.loc.gov/MARC21/slim
http://www.loc.gov/standards/marcxml/schema/MARC21slim.xsd">
  <leader>01771cam  2200469La 4500</leader>
  <controlfield tag="001">030953540</controlfield>
  <datafield tag="245" ind1="0" ind2="0">
    <subfield code="a">Fetal cardiovascular imaging</subfield>
    <subfield code="h">[electronic resource] :</subfield>
    <subfield code="b">a disease-based approach /</subfield>
    <subfield code="c">[editors] Jack Rychik, Zhiyun Tian.</subfield>
  </datafield>
</record>