

<record xmlns="http://www.loc.gov/MARC21/slim"
xmlns:xsi="http://www.w3.org/2001/XMLSchema-instance"
xsi:schemaLocation="http://www.loc.gov/MARC21/slim
http://www.loc.gov/standards/marcxml/schema/MARC21slim.xsd">
  <leader>02341cam  2200625Ma 4500</leader>
  <controlfield tag="001">030953537</controlfield>
  <datafield tag="245" ind1="0" ind2="0">
    <subfield code="a">Signs and symptoms in family medicine</subfield>
    <subfield code="h">[electronic resource] :</subfield>
    <subfield code="b">a literature-based approach /</subfield>
    <subfield code="c">Paul M. Paulman ... [et al.].</subfield>
  </datafield>
</record>