

<record xmlns="http://www.loc.gov/MARC21/slim"
xmlns:xsi="http://www.w3.org/2001/XMLSchema-instance"
xsi:schemaLocation="http://www.loc.gov/MARC21/slim
http://www.loc.gov/standards/marcxml/schema/MARC21slim.xsd">
  <leader>     cam  2200469Ma 4500</leader>
  <controlfield tag="001">030836545</controlfield>
  <datafield tag="245" ind1="0" ind2="0">
    <subfield code="a">Smith&apos;s patient-centered interviewing</subfield>
    <subfield code="h">[electronic resource] :</subfield>
    <subfield code="b">an evidence-based method /</subfield>
    <subfield code="c">Auguste H. Fortin ... [et al.].</subfield>
  </datafield>
  <datafield tag="500" ind1=" " ind2=" ">
    <subfield code="a">Rev. ed. of: Patient-centered interviewing : an evidence-based method / Robert C. Smith. 2nd ed. c2002.</subfield>
  </datafield>
  <datafield tag="500" ind1=" " ind2=" ">
    <subfield code="a">&quot;A Lange medical book.&quot;</subfield>
  </datafield>
</record>