

<record xmlns="http://www.loc.gov/MARC21/slim"
xmlns:xsi="http://www.w3.org/2001/XMLSchema-instance"
xsi:schemaLocation="http://www.loc.gov/MARC21/slim
http://www.loc.gov/standards/marcxml/schema/MARC21slim.xsd">
  <leader>     cam  2200469Ia 4500</leader>
  <controlfield tag="001">030793104</controlfield>
  <datafield tag="245" ind1="0" ind2="0">
    <subfield code="a">Poisoning &amp; drug overdose /</subfield>
    <subfield code="c">edited by Kent R. Olson ; associate editors, Ilene B. Anderson ... [et al.] ; [by the faculty, staff, and Associates of the California Poison Control System].</subfield>
  </datafield>
  <datafield tag="500" ind1=" " ind2=" ">
    <subfield code="a">Title from AccessMed title page (viewed Nov.21, 2012).</subfield>
    <subfield code="5">FTaSU</subfield>
  </datafield>
</record>