

<record xmlns="http://www.loc.gov/MARC21/slim"
xmlns:xsi="http://www.w3.org/2001/XMLSchema-instance"
xsi:schemaLocation="http://www.loc.gov/MARC21/slim
http://www.loc.gov/standards/marcxml/schema/MARC21slim.xsd">
  <leader>     cam  2200541 a 4500</leader>
  <controlfield tag="001">030710116</controlfield>
  <datafield tag="245" ind1="0" ind2="0">
    <subfield code="a">Advanced concepts in surgical research</subfield>
    <subfield code="h">[electronic resource] /</subfield>
    <subfield code="c">edited by Mohit Bhandari, Bernd Robioneck ; associate editor, Emil Schemitsch ; managing editor, Sheila Sprague ; with contributions by Volker Alt ... [et al.].</subfield>
  </datafield>
  <datafield tag="500" ind1=" " ind2=" ">
    <subfield code="a">Made available through: Thieme ElectronicBook Library.</subfield>
  </datafield>
</record>