

<record xmlns="http://www.loc.gov/MARC21/slim"
xmlns:xsi="http://www.w3.org/2001/XMLSchema-instance"
xsi:schemaLocation="http://www.loc.gov/MARC21/slim
http://www.loc.gov/standards/marcxml/schema/MARC21slim.xsd">
  <leader>     cam  2200469Ia 4500</leader>
  <controlfield tag="001">030671361</controlfield>
  <datafield tag="245" ind1="0" ind2="0">
    <subfield code="a">Fitzpatrick&apos;s dermatology in general medicine</subfield>
    <subfield code="h">[electronic resource] /</subfield>
    <subfield code="c">editors, Lowell A. Goldsmith ... [et al.].</subfield>
  </datafield>
</record>