

<record xmlns="http://www.loc.gov/MARC21/slim"
xmlns:xsi="http://www.w3.org/2001/XMLSchema-instance"
xsi:schemaLocation="http://www.loc.gov/MARC21/slim
http://www.loc.gov/standards/marcxml/schema/MARC21slim.xsd">
  <leader>     nam  22003974a 4500</leader>
  <controlfield tag="001">030667901</controlfield>
  <datafield tag="245" ind1="0" ind2="0">
    <subfield code="a">Berek &amp; Novak&apos;s gynecology</subfield>
    <subfield code="h">[electronic resource]</subfield>
    <subfield code="c">.[edited by] Jonathan S. Berek ; editorial assistant &amp; design, Deborah L. Berek ; illustrations by Timothy C. Hengst, George Barile.</subfield>
  </datafield>
  <datafield tag="500" ind1=" " ind2=" ">
    <subfield code="a">Title from Ovid&apos;s title page (viewed June26, 2012).</subfield>
  </datafield>
</record>