

<record xmlns="http://www.loc.gov/MARC21/slim"
xmlns:xsi="http://www.w3.org/2001/XMLSchema-instance"
xsi:schemaLocation="http://www.loc.gov/MARC21/slim
http://www.loc.gov/standards/marcxml/schema/MARC21slim.xsd">
  <leader>     cam  2200541 a 4500</leader>
  <controlfield tag="001">030649034</controlfield>
  <datafield tag="245" ind1="0" ind2="0">
    <subfield code="a">Medical secrets</subfield>
    <subfield code="h">[electronic resource].</subfield>
  </datafield>
  <datafield tag="500" ind1=" " ind2=" ">
    <subfield code="a">Rev. ed. of: Medical secrets / [edited by] Anthony J. Zollo, Jr. 4th ed. c2005.</subfield>
  </datafield>
</record>