

<record xmlns="http://www.loc.gov/MARC21/slim"
xmlns:xsi="http://www.w3.org/2001/XMLSchema-instance"
xsi:schemaLocation="http://www.loc.gov/MARC21/slim
http://www.loc.gov/standards/marcxml/schema/MARC21slim.xsd">
  <leader>02660nam  22004093a 4500</leader>
  <controlfield tag="001">029784691</controlfield>
  <datafield tag="245" ind1="0" ind2="0">
    <subfield code="a">Advanced approaches in echocardiography</subfield>
    <subfield code="h">[electronic resource] /</subfield>
    <subfield code="c">[edited by] Linda D. Gillam, Catherine M. Otto.</subfield>
  </datafield>
  <datafield tag="500" ind1=" " ind2=" ">
    <subfield code="a">Description based on print version record.</subfield>
    <subfield code="5">FBoU</subfield>
  </datafield>
</record>