

<record xmlns="http://www.loc.gov/MARC21/slim"
xmlns:xsi="http://www.w3.org/2001/XMLSchema-instance"
xsi:schemaLocation="http://www.loc.gov/MARC21/slim
http://www.loc.gov/standards/marcxml/schema/MARC21slim.xsd">
  <leader>02686nam  22004333a 4500</leader>
  <controlfield tag="001">029766468</controlfield>
  <datafield tag="245" ind1="0" ind2="0">
    <subfield code="a">Echocardiography in heart failure</subfield>
    <subfield code="h">[electronic resource] /</subfield>
    <subfield code="c">[edited by] Martin St. John Sutton, Susan E. Wiegers.</subfield>
  </datafield>
  <datafield tag="500" ind1=" " ind2=" ">
    <subfield code="a">Description based on print version record.</subfield>
    <subfield code="5">FBoU</subfield>
  </datafield>
</record>