

<record xmlns="http://www.loc.gov/MARC21/slim"
xmlns:xsi="http://www.w3.org/2001/XMLSchema-instance"
xsi:schemaLocation="http://www.loc.gov/MARC21/slim
http://www.loc.gov/standards/marcxml/schema/MARC21slim.xsd">
  <leader>03623cam  2200397Ka 4500</leader>
  <controlfield tag="001">027466322</controlfield>
  <datafield tag="245" ind1="0" ind2="0">
    <subfield code="a">Therapy in sleep medicine</subfield>
    <subfield code="h">[electronic resource] /</subfield>
    <subfield code="c">Teri J. Barkoukis ... [et al.].</subfield>
  </datafield>
</record>