

<record xmlns="http://www.loc.gov/MARC21/slim"
xmlns:xsi="http://www.w3.org/2001/XMLSchema-instance"
xsi:schemaLocation="http://www.loc.gov/MARC21/slim
http://www.loc.gov/standards/marcxml/schema/MARC21slim.xsd">
  <leader>02892cam  2200445Ka 4500</leader>
  <controlfield tag="001">027466256</controlfield>
  <datafield tag="245" ind1="0" ind2="0">
    <subfield code="a">Management of cancer in the older patient</subfield>
    <subfield code="h">[electronic resource] /</subfield>
    <subfield code="c">[edited by] Arash Naeim, David B. Reuben, Patricia A. Ganz.</subfield>
  </datafield>
</record>