

<record xmlns="http://www.loc.gov/MARC21/slim"
xmlns:xsi="http://www.w3.org/2001/XMLSchema-instance"
xsi:schemaLocation="http://www.loc.gov/MARC21/slim
http://www.loc.gov/standards/marcxml/schema/MARC21slim.xsd">
  <leader>13668cam  2200589Ka 4500</leader>
  <controlfield tag="001">027334032</controlfield>
  <datafield tag="245" ind1="0" ind2="0">
    <subfield code="a">Current therapy in oral and maxillofacial surgery</subfield>
    <subfield code="h">[electronic resource]</subfield>
    <subfield code="c">/ contributing editors, Shahrokh C. Bagheri, R. Bryan Bell, Husain Ali Khan.</subfield>
  </datafield>
</record>