

<record xmlns="http://www.loc.gov/MARC21/slim"
xmlns:xsi="http://www.w3.org/2001/XMLSchema-instance"
xsi:schemaLocation="http://www.loc.gov/MARC21/slim
http://www.loc.gov/standards/marcxml/schema/MARC21slim.xsd">
  <leader>     cam  2200445Ia 4500</leader>
  <controlfield tag="001">027121773</controlfield>
  <datafield tag="245" ind1="0" ind2="0">
    <subfield code="a">Current diagnosis &amp; treatment in otolaryngology</subfield>
    <subfield code="h">[electronic resource] :</subfield>
    <subfield code="b">head &amp; neck surgery /</subfield>
    <subfield code="c">edited by Anil K. Lalwani.</subfield>
  </datafield>
  <datafield tag="500" ind1=" " ind2=" ">
    <subfield code="a">&quot;A Lange medical book.&quot;</subfield>
    <subfield code="5">FMFIU</subfield>
    <subfield code="5">FU</subfield>
  </datafield>
  <datafield tag="500" ind1=" " ind2=" ">
    <subfield code="a">&quot;1545-6307&quot;--T.p. verso.</subfield>
    <subfield code="5">FMFIU</subfield>
    <subfield code="5">FU</subfield>
  </datafield>
</record>