

<record xmlns="http://www.loc.gov/MARC21/slim"
xmlns:xsi="http://www.w3.org/2001/XMLSchema-instance"
xsi:schemaLocation="http://www.loc.gov/MARC21/slim
http://www.loc.gov/standards/marcxml/schema/MARC21slim.xsd">
  <leader>     nam  22004574a 4500</leader>
  <controlfield tag="001">027101070</controlfield>
  <datafield tag="245" ind1="0" ind2="0">
    <subfield code="a">Swaiman&apos;s pediatric neurology</subfield>
    <subfield code="h">[electronic resource] :</subfield>
    <subfield code="b">principles and practice /</subfield>
    <subfield code="c">[edited by] Kenneth F. Swaiman ... [et al.].</subfield>
  </datafield>
  <datafield tag="500" ind1=" " ind2=" ">
    <subfield code="a">Rev. ed. of: Pediatric neurology : principles &amp; practice / 4th ed. Mosby Elsevier, c2006.</subfield>
  </datafield>
  <datafield tag="500" ind1=" " ind2=" ">
    <subfield code="a">Chapters 1-12, 105-108 are available online only at expertconsult.com.</subfield>
  </datafield>
  <datafield tag="500" ind1=" " ind2=" ">
    <subfield code="a">The complete list of references are available online only at expertconsult.com.</subfield>
  </datafield>
</record>