

<record xmlns="http://www.loc.gov/MARC21/slim"
xmlns:xsi="http://www.w3.org/2001/XMLSchema-instance"
xsi:schemaLocation="http://www.loc.gov/MARC21/slim
http://www.loc.gov/standards/marcxml/schema/MARC21slim.xsd">
  <leader>     nas  2200373 a 4500</leader>
  <controlfield tag="001">025584708</controlfield>
  <datafield tag="245" ind1="0" ind2="0">
    <subfield code="a">Journal of the Academy of Nutrition and Dietetics</subfield>
    <subfield code="h">[electronic resource].</subfield>
  </datafield>
</record>