

<record xmlns="http://www.loc.gov/MARC21/slim"
xmlns:xsi="http://www.w3.org/2001/XMLSchema-instance"
xsi:schemaLocation="http://www.loc.gov/MARC21/slim
http://www.loc.gov/standards/marcxml/schema/MARC21slim.xsd">
  <leader>     nam a22     4a 4500</leader>
  <controlfield tag="001">024917493</controlfield>
  <datafield tag="245" ind1="0" ind2="0">
    <subfield code="a">Ferri&apos;s clinical advisor 2012</subfield>
    <subfield code="h">[electronic resource] :</subfield>
    <subfield code="b">5 books in 1</subfield>
    <subfield code="c">[edited by] Fred F. Ferri.</subfield>
  </datafield>
  <datafield tag="500" ind1=" " ind2=" ">
    <subfield code="a">Title from MDC&apos;s site (viewed Oct.26, 2011).</subfield>
    <subfield code="5">FTaSU</subfield>
  </datafield>
</record>