

<record xmlns="http://www.loc.gov/MARC21/slim"
xmlns:xsi="http://www.w3.org/2001/XMLSchema-instance"
xsi:schemaLocation="http://www.loc.gov/MARC21/slim
http://www.loc.gov/standards/marcxml/schema/MARC21slim.xsd">
  <leader>     cam  2200517Ii 4500</leader>
  <controlfield tag="001">024434555</controlfield>
  <datafield tag="245" ind1="0" ind2="0">
    <subfield code="a">Pocket companion to Robbins and Cotran pathologic basis of disease /</subfield>
    <subfield code="c">Richard N. Mitchell, Vinay Kimar, Abul K. Abbas, Nelson Fausto, Jon C. Aster ; with illustrations by James A. Perkins.</subfield>
  </datafield>
  <datafield tag="500" ind1=" " ind2=" ">
    <subfield code="a">Companion v. to: Robbins and Cotran pathologic basis of disease. 8th ed. c2010.</subfield>
  </datafield>
  <datafield tag="500" ind1=" " ind2=" ">
    <subfield code="a">Supplement to (expression) Robbins and Cotran pathologic basis of disease. - 8th Ed. - Philadelphia, PA : Saunders/Elsevier, c2010.</subfield>
  </datafield>
</record>