

<record xmlns="http://www.loc.gov/MARC21/slim"
xmlns:xsi="http://www.w3.org/2001/XMLSchema-instance"
xsi:schemaLocation="http://www.loc.gov/MARC21/slim
http://www.loc.gov/standards/marcxml/schema/MARC21slim.xsd">
  <leader>     cam  2200409Ma 4500</leader>
  <controlfield tag="001">020233426</controlfield>
  <datafield tag="245" ind1="0" ind2="0">
    <subfield code="a">Fischer&apos;s mastery of surgery</subfield>
    <subfield code="h">[electronic resource] /</subfield>
    <subfield code="c">editor, Josef E. Fischer ; associate editors, Daniel B. Jones, Frank B. Pomposelli, Gilbert R. Upchurch Jr. ; assistant editors, V. Suzanne Klimberg, Steven D. Schwaitzberg, Kirby I. Bland.</subfield>
  </datafield>
  <datafield tag="500" ind1=" " ind2=" ">
    <subfield code="a">Rev. ed. of: Mastery of surgery / editor, Josef E. Fischer ; associate editor, Kirby I. Bland ; section editors, Mark P. Callery ... [et al.]. 5th ed. c2007.</subfield>
  </datafield>
  <datafield tag="500" ind1=" " ind2=" ">
    <subfield code="a">Title from PDF of title page.</subfield>
  </datafield>
</record>