

<record xmlns="http://www.loc.gov/MARC21/slim"
xmlns:xsi="http://www.w3.org/2001/XMLSchema-instance"
xsi:schemaLocation="http://www.loc.gov/MARC21/slim
http://www.loc.gov/standards/marcxml/schema/MARC21slim.xsd">
  <leader>     cam  2200373Ia 4500</leader>
  <controlfield tag="001">020163526</controlfield>
  <datafield tag="245" ind1="0" ind2="0">
    <subfield code="a">Current diagnosis &amp; treatment</subfield>
    <subfield code="h">[electronic resource] :</subfield>
    <subfield code="b">pediatrics /</subfield>
    <subfield code="c">edited by William W. Hay ... [et al.].</subfield>
  </datafield>
  <datafield tag="500" ind1=" " ind2=" ">
    <subfield code="a">Part of the AccessMedicine book collection</subfield>
  </datafield>
  <datafield tag="500" ind1=" " ind2=" ">
    <subfield code="a">Previous ed.: New York : McGraw-Hill Medical, 2009.</subfield>
    <subfield code="5">FMFIU</subfield>
    <subfield code="5">FU</subfield>
  </datafield>
</record>