

<record xmlns="http://www.loc.gov/MARC21/slim"
xmlns:xsi="http://www.w3.org/2001/XMLSchema-instance"
xsi:schemaLocation="http://www.loc.gov/MARC21/slim
http://www.loc.gov/standards/marcxml/schema/MARC21slim.xsd">
  <leader>02396cas  22005297a 4500</leader>
  <controlfield tag="001">031864659</controlfield>
  <datafield tag="245" ind1="1" ind2="0">
    <subfield code="a">AJP reports</subfield>
    <subfield code="h">[electronic resource].</subfield>
  </datafield>
  <datafield tag="500" ind1=" " ind2=" ">
    <subfield code="a">&quot;A companion to the American Journal of Perinatology.&quot;</subfield>
  </datafield>
</record>