

<record xmlns="http://www.loc.gov/MARC21/slim"
xmlns:xsi="http://www.w3.org/2001/XMLSchema-instance"
xsi:schemaLocation="http://www.loc.gov/MARC21/slim
http://www.loc.gov/standards/marcxml/schema/MARC21slim.xsd">
  <leader>02145cam  2200529La 4500</leader>
  <controlfield tag="001">032526651</controlfield>
  <datafield tag="245" ind1="1" ind2="0">
    <subfield code="a">Video atlas</subfield>
    <subfield code="h">[electronic resource] :</subfield>
    <subfield code="b">liver, biliary &amp; pancreatic surgery /</subfield>
    <subfield code="c">Leslie H. Blumgart ; with laparoscopic video contributions from Carlos U. Corvera.</subfield>
  </datafield>
  <datafield tag="500" ind1=" " ind2=" ">
    <subfield code="a">&quot;Expert Consult.&quot;--Cover.</subfield>
  </datafield>
</record>