

<record xmlns="http://www.loc.gov/MARC21/slim"
xmlns:xsi="http://www.w3.org/2001/XMLSchema-instance"
xsi:schemaLocation="http://www.loc.gov/MARC21/slim
http://www.loc.gov/standards/marcxml/schema/MARC21slim.xsd">
  <leader>03435cam  2200697Ki 4500</leader>
  <controlfield tag="001">032527041</controlfield>
  <datafield tag="245" ind1="1" ind2="0">
    <subfield code="a">Thoracic imaging :</subfield>
    <subfield code="b">case review /</subfield>
    <subfield code="c">Phillip M. Boiselle, MD, Associate Professor of Radiology, Harvard Medical School, Vice Chair of Quality, Safety and Performance Improvement, Director, Thoracic Imaging Section, Beth Israel Deaconess Medical Center, Boston, Massachusetts, Gerald F. Abbott, MD, Associate Professor of Diagnostic Imaging, Warren Alpert Medical School of Brown University, Providence, Rhode Island, Associate Radiologist of Division of Thoracic Imaging and Intervention, Massachusetts General Hospital, Boston, Massachusetts, Theresa C. McLoud, MD, Professor of Radiology, Harvard Medical School, Associate Radiologist-in-Chief, Director of Education, Thoracic Radiologist, Massachusetts General Hospital, Boston, Massachusetts.</subfield>
  </datafield>
</record>