

<record xmlns="http://www.loc.gov/MARC21/slim"
xmlns:xsi="http://www.w3.org/2001/XMLSchema-instance"
xsi:schemaLocation="http://www.loc.gov/MARC21/slim
http://www.loc.gov/standards/marcxml/schema/MARC21slim.xsd">
  <leader>     cam  2200505Ii 4500</leader>
  <controlfield tag="001">033914732</controlfield>
  <datafield tag="245" ind1="1" ind2="0">
    <subfield code="a">Study guide to psychosomatic medicine /</subfield>
    <subfield code="b">a companion to the American Psychiatric Publishing textbook of psychosomatic medicine, second edition/</subfield>
    <subfield code="c">James A. Bourgeois, Robert E. Hales, Narriman C. Shahrokh.</subfield>
  </datafield>
  <datafield tag="500" ind1=" " ind2=" ">
    <subfield code="a">&quot;A companion to The American Psychiatric Publishing textbook of psychosomatic medicine, second edition&quot;--T.p.</subfield>
  </datafield>
</record>