

<record xmlns="http://www.loc.gov/MARC21/slim"
xmlns:xsi="http://www.w3.org/2001/XMLSchema-instance"
xsi:schemaLocation="http://www.loc.gov/MARC21/slim
http://www.loc.gov/standards/marcxml/schema/MARC21slim.xsd">
  <leader>05585cam  22006494a 4500</leader>
  <controlfield tag="001">032526560</controlfield>
  <datafield tag="245" ind1="1" ind2="0">
    <subfield code="a">Cartilage surgery</subfield>
    <subfield code="h">[electronic resource] :</subfield>
    <subfield code="b">an operative manual /</subfield>
    <subfield code="c">Mats Brittberg, Wayne K. Gersoff.</subfield>
  </datafield>
</record>