

<record xmlns="http://www.loc.gov/MARC21/slim"
xmlns:xsi="http://www.w3.org/2001/XMLSchema-instance"
xsi:schemaLocation="http://www.loc.gov/MARC21/slim
http://www.loc.gov/standards/marcxml/schema/MARC21slim.xsd">
  <leader>04583cam  2200421Ka 4500</leader>
  <controlfield tag="001">032526591</controlfield>
  <datafield tag="245" ind1="1" ind2="0">
    <subfield code="a">Pathology of the lungs</subfield>
    <subfield code="h">[electronic resource] :</subfield>
    <subfield code="b">expert consult /</subfield>
    <subfield code="c">Bryan Corrin, Andrew G. Nicholson.</subfield>
  </datafield>
</record>