

<record xmlns="http://www.loc.gov/MARC21/slim"
xmlns:xsi="http://www.w3.org/2001/XMLSchema-instance"
xsi:schemaLocation="http://www.loc.gov/MARC21/slim
http://www.loc.gov/standards/marcxml/schema/MARC21slim.xsd">
  <leader>02225cam  2200553La 4500</leader>
  <controlfield tag="001">032526673</controlfield>
  <datafield tag="245" ind1="1" ind2="0">
    <subfield code="a">Imaging painful spine disorders</subfield>
    <subfield code="h">[electronic resource] /</subfield>
    <subfield code="c">Leo F. Czervionke, Douglas S. Fenton.</subfield>
  </datafield>
  <datafield tag="500" ind1=" " ind2=" ">
    <subfield code="a">&quot;Expert consult title.&quot;</subfield>
  </datafield>
</record>