

<record xmlns="http://www.loc.gov/MARC21/slim"
xmlns:xsi="http://www.w3.org/2001/XMLSchema-instance"
xsi:schemaLocation="http://www.loc.gov/MARC21/slim
http://www.loc.gov/standards/marcxml/schema/MARC21slim.xsd">
  <leader>02454cam  2200529La 4500</leader>
  <controlfield tag="001">032526669</controlfield>
  <datafield tag="245" ind1="1" ind2="0">
    <subfield code="a">Atlas of clinical and surgical orbital anatomy</subfield>
    <subfield code="h">[electronic resource] /</subfield>
    <subfield code="c">Jonathan J. Dutton ; illustrations by Thomas G. Waldrop.</subfield>
  </datafield>
  <datafield tag="500" ind1=" " ind2=" ">
    <subfield code="a">First edition 1994.</subfield>
  </datafield>
  <datafield tag="500" ind1=" " ind2=" ">
    <subfield code="a">&quot;Expert consult.&quot;</subfield>
  </datafield>
</record>