

<record xmlns="http://www.loc.gov/MARC21/slim"
xmlns:xsi="http://www.w3.org/2001/XMLSchema-instance"
xsi:schemaLocation="http://www.loc.gov/MARC21/slim
http://www.loc.gov/standards/marcxml/schema/MARC21slim.xsd">
  <leader>03395cam  2200553Ka 4500</leader>
  <controlfield tag="001">027466300</controlfield>
  <datafield tag="245" ind1="1" ind2="0">
    <subfield code="a">Principles and practice of movement disorders</subfield>
    <subfield code="h">[electronic resource] /</subfield>
    <subfield code="c">Stanley Fahn, Joseph Jankovic, Mark Hallett.</subfield>
  </datafield>
  <datafield tag="500" ind1=" " ind2=" ">
    <subfield code="a">&quot;Expert consult&quot;--Cover.</subfield>
    <subfield code="5">FMFIU</subfield>
  </datafield>
  <datafield tag="500" ind1=" " ind2=" ">
    <subfield code="a">Includes bibliographical references and index.</subfield>
    <subfield code="5">FMFIU</subfield>
  </datafield>
  <datafield tag="500" ind1=" " ind2=" ">
    <subfield code="a">Previous ed.: 2007.</subfield>
    <subfield code="5">FMFIU</subfield>
  </datafield>
</record>