

<record xmlns="http://www.loc.gov/MARC21/slim"
xmlns:xsi="http://www.w3.org/2001/XMLSchema-instance"
xsi:schemaLocation="http://www.loc.gov/MARC21/slim
http://www.loc.gov/standards/marcxml/schema/MARC21slim.xsd">
  <leader>03968cam  2200553Ka 4500</leader>
  <controlfield tag="001">032526589</controlfield>
  <datafield tag="245" ind1="1" ind2="0">
    <subfield code="a">Extranodal lymphomas</subfield>
    <subfield code="h">[electronic resource] /</subfield>
    <subfield code="c">Judith A. Ferry.</subfield>
  </datafield>
</record>