

<record xmlns="http://www.loc.gov/MARC21/slim"
xmlns:xsi="http://www.w3.org/2001/XMLSchema-instance"
xsi:schemaLocation="http://www.loc.gov/MARC21/slim
http://www.loc.gov/standards/marcxml/schema/MARC21slim.xsd">
  <leader>     cam a2200781Ma 4500</leader>
  <controlfield tag="001">023610018</controlfield>
  <datafield tag="245" ind1="1" ind2="0">
    <subfield code="a">Clinical gynecologic endocrinology and infertility /</subfield>
    <subfield code="c">Marc A. Fritz, Leon Speroff.</subfield>
  </datafield>
  <datafield tag="500" ind1=" " ind2=" ">
    <subfield code="a">Speroff&apos;s name appears first in previous editions.</subfield>
    <subfield code="5">FTaSU</subfield>
  </datafield>
  <datafield tag="500" ind1=" " ind2=" ">
    <subfield code="a">Speroff&apos;s name appears first in previous editions.</subfield>
  </datafield>
</record>