

<record xmlns="http://www.loc.gov/MARC21/slim"
xmlns:xsi="http://www.w3.org/2001/XMLSchema-instance"
xsi:schemaLocation="http://www.loc.gov/MARC21/slim
http://www.loc.gov/standards/marcxml/schema/MARC21slim.xsd">
  <leader>03898cam  2200541Ma 4500</leader>
  <controlfield tag="001">032526625</controlfield>
  <datafield tag="245" ind1="1" ind2="0">
    <subfield code="a">Concise histology</subfield>
    <subfield code="h">[electronic resource] /</subfield>
    <subfield code="c">Leslie P. Gartner, James L. Hiatt.</subfield>
  </datafield>
  <datafield tag="500" ind1=" " ind2=" ">
    <subfield code="a">Based on: Color textbook of histology / Leslie P. Gartner, James L. Hiatt. 3rd ed. c2007.</subfield>
  </datafield>
  <datafield tag="500" ind1=" " ind2=" ">
    <subfield code="a">Includes index.</subfield>
  </datafield>
</record>