

<record xmlns="http://www.loc.gov/MARC21/slim"
xmlns:xsi="http://www.w3.org/2001/XMLSchema-instance"
xsi:schemaLocation="http://www.loc.gov/MARC21/slim
http://www.loc.gov/standards/marcxml/schema/MARC21slim.xsd">
  <leader>02606cam  2200385Ka 4500</leader>
  <controlfield tag="001">027466348</controlfield>
  <datafield tag="245" ind1="1" ind2="0">
    <subfield code="a">Tropical infectious diseases</subfield>
    <subfield code="h">[electronic resource] :</subfield>
    <subfield code="b">principles, pathogens and practice /</subfield>
    <subfield code="c">Richard L. Guerrant, David H. Walker, Peter F. Weller.</subfield>
  </datafield>
  <datafield tag="500" ind1=" " ind2=" ">
    <subfield code="a">&quot;Expert consult title.&quot;</subfield>
    <subfield code="5">FMFIU</subfield>
  </datafield>
</record>