

<record xmlns="http://www.loc.gov/MARC21/slim"
xmlns:xsi="http://www.w3.org/2001/XMLSchema-instance"
xsi:schemaLocation="http://www.loc.gov/MARC21/slim
http://www.loc.gov/standards/marcxml/schema/MARC21slim.xsd">
  <leader>05085cam  2200565Ka 4500</leader>
  <controlfield tag="001">030953539</controlfield>
  <datafield tag="245" ind1="1" ind2="0">
    <subfield code="a">Problem solving in endodontics</subfield>
    <subfield code="h">[electronic resource] :</subfield>
    <subfield code="b">prevention, identification, and management /</subfield>
    <subfield code="c">James L. Gutmann, Paul E. Lovdahl.</subfield>
  </datafield>
</record>