

<record xmlns="http://www.loc.gov/MARC21/slim"
xmlns:xsi="http://www.w3.org/2001/XMLSchema-instance"
xsi:schemaLocation="http://www.loc.gov/MARC21/slim
http://www.loc.gov/standards/marcxml/schema/MARC21slim.xsd">
  <leader>04886cam  2200649Ka 4500</leader>
  <controlfield tag="001">032526595</controlfield>
  <datafield tag="245" ind1="1" ind2="0">
    <subfield code="a">Risk, liability and malpractice</subfield>
    <subfield code="h">[electronic resource] :</subfield>
    <subfield code="b">what every plastic surgeon needs to know /</subfield>
    <subfield code="c">Phil Haeck, Mark Gorney.</subfield>
  </datafield>
</record>