

<record xmlns="http://www.loc.gov/MARC21/slim"
xmlns:xsi="http://www.w3.org/2001/XMLSchema-instance"
xsi:schemaLocation="http://www.loc.gov/MARC21/slim
http://www.loc.gov/standards/marcxml/schema/MARC21slim.xsd">
  <leader>     cam  2200745Ia 4500</leader>
  <controlfield tag="001">024112573</controlfield>
  <datafield tag="245" ind1="1" ind2="0">
    <subfield code="a">Guyton and Hall textbook of medical physiology</subfield>
    <subfield code="h">[electronic resource] /</subfield>
    <subfield code="c">John E. Hall.</subfield>
  </datafield>
  <datafield tag="500" ind1=" " ind2=" ">
    <subfield code="a">Title from resource title page (MD Consult, viewed Oct. 15, 2010)</subfield>
    <subfield code="5">FMFIU</subfield>
  </datafield>
  <datafield tag="500" ind1=" " ind2=" ">
    <subfield code="a">Rev. ed. of: Textbook of medical physiology. 11th ed. c2006.</subfield>
    <subfield code="5">FMFIU</subfield>
  </datafield>
  <datafield tag="500" ind1=" " ind2=" ">
    <subfield code="a">Rev. ed. of: Textbook of medical physiology. 11th ed. c2006.</subfield>
  </datafield>
</record>