

<record xmlns="http://www.loc.gov/MARC21/slim"
xmlns:xsi="http://www.w3.org/2001/XMLSchema-instance"
xsi:schemaLocation="http://www.loc.gov/MARC21/slim
http://www.loc.gov/standards/marcxml/schema/MARC21slim.xsd">
  <leader>02189cam  2200517Ia 4500</leader>
  <controlfield tag="001">032526831</controlfield>
  <datafield tag="245" ind1="1" ind2="0">
    <subfield code="a">Interventional radiology</subfield>
    <subfield code="h">[electronic resource] :</subfield>
    <subfield code="b">a survival guide /</subfield>
    <subfield code="c">David Kessel, Iain Robertson ; with a contribution by Tarun Sabharwal.</subfield>
  </datafield>
</record>