

<record xmlns="http://www.loc.gov/MARC21/slim"
xmlns:xsi="http://www.w3.org/2001/XMLSchema-instance"
xsi:schemaLocation="http://www.loc.gov/MARC21/slim
http://www.loc.gov/standards/marcxml/schema/MARC21slim.xsd">
  <leader>     nam  22004094a 4500</leader>
  <controlfield tag="001">031914560</controlfield>
  <datafield tag="245" ind1="1" ind2="0">
    <subfield code="a">First aid for the USMLE step 3</subfield>
    <subfield code="h">[electronic resource] /</subfield>
    <subfield code="c">Tao Le, Vikas Bhushan, Herman Singh Bagga.</subfield>
  </datafield>
  <datafield tag="500" ind1=" " ind2=" ">
    <subfield code="a">Includes index.</subfield>
  </datafield>
  <datafield tag="500" ind1=" " ind2=" ">
    <subfield code="a">Previous ed.: 2008.</subfield>
  </datafield>
  <datafield tag="500" ind1=" " ind2=" ">
    <subfield code="a">&quot;A resident-to-resident guide&quot; -- cover.</subfield>
  </datafield>
</record>