

<record xmlns="http://www.loc.gov/MARC21/slim"
xmlns:xsi="http://www.w3.org/2001/XMLSchema-instance"
xsi:schemaLocation="http://www.loc.gov/MARC21/slim
http://www.loc.gov/standards/marcxml/schema/MARC21slim.xsd">
  <leader>     nam a22     5  4500</leader>
  <controlfield tag="001">023548707</controlfield>
  <datafield tag="245" ind1="1" ind2="0">
    <subfield code="a">Microsoft SharePoint Foundation 2010:</subfield>
    <subfield code="b">step by step</subfield>
    <subfield code="c">Olga Londer and Penelope Coventry.</subfield>
  </datafield>
  <datafield tag="500" ind1=" " ind2=" ">
    <subfield code="a">Includes index.</subfield>
    <subfield code="5">FTaSU</subfield>
  </datafield>
</record>