

<record xmlns="http://www.loc.gov/MARC21/slim"
xmlns:xsi="http://www.w3.org/2001/XMLSchema-instance"
xsi:schemaLocation="http://www.loc.gov/MARC21/slim
http://www.loc.gov/standards/marcxml/schema/MARC21slim.xsd">
  <leader>     nam a22     4a 4500</leader>
  <controlfield tag="001">025572111</controlfield>
  <datafield tag="245" ind1="1" ind2="0">
    <subfield code="a">Madruga &amp; Marvel&apos;s medical black book :</subfield>
    <subfield code="b">guide to differential diagnosis, mnemonics, and clinical pearls.</subfield>
  </datafield>
  <datafield tag="500" ind1=" " ind2=" ">
    <subfield code="a">eBook is available at www.lulu.com and www.amazon.com.</subfield>
    <subfield code="5">FTaSU</subfield>
  </datafield>
</record>