

<record xmlns="http://www.loc.gov/MARC21/slim"
xmlns:xsi="http://www.w3.org/2001/XMLSchema-instance"
xsi:schemaLocation="http://www.loc.gov/MARC21/slim
http://www.loc.gov/standards/marcxml/schema/MARC21slim.xsd">
  <leader>02156cam  2200469Ii 4500</leader>
  <controlfield tag="001">032527099</controlfield>
  <datafield tag="245" ind1="1" ind2="0">
    <subfield code="a">Orthopedic physical assessment atlas and video :</subfield>
    <subfield code="b">selected special tests and movements /</subfield>
    <subfield code="c">David J. Magee, Derrick Sueki.</subfield>
  </datafield>
</record>