

<record xmlns="http://www.loc.gov/MARC21/slim"
xmlns:xsi="http://www.w3.org/2001/XMLSchema-instance"
xsi:schemaLocation="http://www.loc.gov/MARC21/slim
http://www.loc.gov/standards/marcxml/schema/MARC21slim.xsd">
  <leader>03614cam  2200577Ia 4500</leader>
  <controlfield tag="001">032526733</controlfield>
  <datafield tag="245" ind1="1" ind2="0">
    <subfield code="a">Netter&apos;s correlative imaging.</subfield>
    <subfield code="p">Musculoskeletal anatomy</subfield>
    <subfield code="h">[electronic resource] /</subfield>
    <subfield code="c">Nancy M. Major, Michael D. Malinzak ; illustrations by Frank H. Netter ; contributing illustrators, Carlos A.G. Machado, Kristen Wienandt Marzejon.</subfield>
  </datafield>
  <datafield tag="500" ind1=" " ind2=" ">
    <subfield code="a">Includes index.</subfield>
  </datafield>
</record>