

<record xmlns="http://www.loc.gov/MARC21/slim"
xmlns:xsi="http://www.w3.org/2001/XMLSchema-instance"
xsi:schemaLocation="http://www.loc.gov/MARC21/slim
http://www.loc.gov/standards/marcxml/schema/MARC21slim.xsd">
  <leader>     nam  2200469Ii 4500</leader>
  <controlfield tag="001">033176187</controlfield>
  <datafield tag="245" ind1="1" ind2="0">
    <subfield code="a">Dr. Vodder&apos;s manual lymph drainage :</subfield>
    <subfield code="b">a practical guide /</subfield>
    <subfield code="c">Hildegard Wittlinger ... [et al.] ; [translator, Ruth Gutberlet ; illustrator, Emil Wolfgang Hanns].</subfield>
  </datafield>
</record>