

<record xmlns="http://www.loc.gov/MARC21/slim"
xmlns:xsi="http://www.w3.org/2001/XMLSchema-instance"
xsi:schemaLocation="http://www.loc.gov/MARC21/slim
http://www.loc.gov/standards/marcxml/schema/MARC21slim.xsd">
  <leader>03379nam  22004451  4500</leader>
  <controlfield tag="001">031909651</controlfield>
  <datafield tag="245" ind1="1" ind2="0">
    <subfield code="a">Treating dementia in context</subfield>
    <subfield code="h">[electronic resource] :</subfield>
    <subfield code="b">a step-by-step guide to working with individuals and families /</subfield>
    <subfield code="c">Susan M. McCurry, Claudia Drossel.</subfield>
  </datafield>
</record>