

<record xmlns="http://www.loc.gov/MARC21/slim"
xmlns:xsi="http://www.w3.org/2001/XMLSchema-instance"
xsi:schemaLocation="http://www.loc.gov/MARC21/slim
http://www.loc.gov/standards/marcxml/schema/MARC21slim.xsd">
  <leader>     cam  2200421Ma 4500</leader>
  <controlfield tag="001">021157602</controlfield>
  <datafield tag="245" ind1="1" ind2="0">
    <subfield code="a">Basics of anesthesia</subfield>
    <subfield code="h">[electronic resource] /</subfield>
    <subfield code="c">Ronald D. Miller, Manuel C. Pardo Jr.</subfield>
  </datafield>
  <datafield tag="500" ind1=" " ind2=" ">
    <subfield code="a">Rev. ed. of: Basics of anesthesia / Robert K. Stoelting and Ronald D. Miller. 5th ed. c2007.</subfield>
    <subfield code="5">FMFIU</subfield>
  </datafield>
</record>