

<record xmlns="http://www.loc.gov/MARC21/slim"
xmlns:xsi="http://www.w3.org/2001/XMLSchema-instance"
xsi:schemaLocation="http://www.loc.gov/MARC21/slim
http://www.loc.gov/standards/marcxml/schema/MARC21slim.xsd">
  <leader>     cam  2200397Ia 4500</leader>
  <controlfield tag="001">026394994</controlfield>
  <datafield tag="245" ind1="1" ind2="4">
    <subfield code="a">The big picture</subfield>
    <subfield code="b">gross anatomy /</subfield>
    <subfield code="c">David A. Morton, K. Bo Foreman, Kurt H. Albertine.</subfield>
  </datafield>
</record>