

<record xmlns="http://www.loc.gov/MARC21/slim"
xmlns:xsi="http://www.w3.org/2001/XMLSchema-instance"
xsi:schemaLocation="http://www.loc.gov/MARC21/slim
http://www.loc.gov/standards/marcxml/schema/MARC21slim.xsd">
  <leader>     cam  22006374a 4500</leader>
  <controlfield tag="001">026253191</controlfield>
  <datafield tag="245" ind1="1" ind2="0">
    <subfield code="a">Atlas of human anatomy /</subfield>
    <subfield code="c">Frank H. Netter.</subfield>
  </datafield>
</record>