

<record xmlns="http://www.loc.gov/MARC21/slim"
xmlns:xsi="http://www.w3.org/2001/XMLSchema-instance"
xsi:schemaLocation="http://www.loc.gov/MARC21/slim
http://www.loc.gov/standards/marcxml/schema/MARC21slim.xsd">
  <leader>02468cam  2200469Ia 4500</leader>
  <controlfield tag="001">032527033</controlfield>
  <datafield tag="245" ind1="1" ind2="0">
    <subfield code="a">Cosmetic</subfield>
    <subfield code="h">[electronic resource] :</subfield>
    <subfield code="b">facial surgery /</subfield>
    <subfield code="c">Joe Niamtu III ; [contributor, Angelo Cuzalina].</subfield>
  </datafield>
</record>