

<record xmlns="http://www.loc.gov/MARC21/slim"
xmlns:xsi="http://www.w3.org/2001/XMLSchema-instance"
xsi:schemaLocation="http://www.loc.gov/MARC21/slim
http://www.loc.gov/standards/marcxml/schema/MARC21slim.xsd">
  <leader>04222cam  2200529Ka 4500</leader>
  <controlfield tag="001">032526632</controlfield>
  <datafield tag="245" ind1="1" ind2="0">
    <subfield code="a">Orell and Sterrett&apos;s fine needle aspiration cytology</subfield>
    <subfield code="h">[electronic resource].</subfield>
  </datafield>
  <datafield tag="500" ind1=" " ind2=" ">
    <subfield code="a">Previous ed.: published as Fine needle aspiration cytology. 2005.</subfield>
  </datafield>
</record>