

<record xmlns="http://www.loc.gov/MARC21/slim"
xmlns:xsi="http://www.w3.org/2001/XMLSchema-instance"
xsi:schemaLocation="http://www.loc.gov/MARC21/slim
http://www.loc.gov/standards/marcxml/schema/MARC21slim.xsd">
  <leader>02780cam  2200541La 4500</leader>
  <controlfield tag="001">032526672</controlfield>
  <datafield tag="245" ind1="1" ind2="0">
    <subfield code="a">Chest radiology</subfield>
    <subfield code="h">[electronic resource] :</subfield>
    <subfield code="b">plain film patterns and differential diagnoses /</subfield>
    <subfield code="c">James C. Reed.</subfield>
  </datafield>
  <datafield tag="500" ind1=" " ind2=" ">
    <subfield code="a">&quot;Expert Consult.&quot;--Cover.</subfield>
  </datafield>
</record>