

<record xmlns="http://www.loc.gov/MARC21/slim"
xmlns:xsi="http://www.w3.org/2001/XMLSchema-instance"
xsi:schemaLocation="http://www.loc.gov/MARC21/slim
http://www.loc.gov/standards/marcxml/schema/MARC21slim.xsd">
  <leader>03848cam  2200529Ma 4500</leader>
  <controlfield tag="001">032526726</controlfield>
  <datafield tag="245" ind1="1" ind2="0">
    <subfield code="a">Rosai and Ackerman&apos;s surgical pathology</subfield>
    <subfield code="h">[electronic resource] /</subfield>
    <subfield code="c">Juan Rosai.</subfield>
  </datafield>
  <datafield tag="500" ind1=" " ind2=" ">
    <subfield code="a">Previous ed.: published as Ackerman&apos;s surgical pathology. 1996.</subfield>
  </datafield>
  <datafield tag="500" ind1=" " ind2=" ">
    <subfield code="a">&quot;Expert consult&quot;--Cover.</subfield>
  </datafield>
</record>