

<record xmlns="http://www.loc.gov/MARC21/slim"
xmlns:xsi="http://www.w3.org/2001/XMLSchema-instance"
xsi:schemaLocation="http://www.loc.gov/MARC21/slim
http://www.loc.gov/standards/marcxml/schema/MARC21slim.xsd">
  <leader>     cam  2200829Ka 4500</leader>
  <controlfield tag="001">027171484</controlfield>
  <datafield tag="245" ind1="1" ind2="0">
    <subfield code="a">Rapid review microbiology and immunology</subfield>
    <subfield code="h">[electronic resource] /</subfield>
    <subfield code="c">Ken S. Rosenthal, Michael J. Tan.</subfield>
  </datafield>
  <datafield tag="500" ind1=" " ind2=" ">
    <subfield code="a">Rev. ed. of: Microbiology and immunology / Ken S. Rosenthal, James S. Tan. 2nd ed. c2007.</subfield>
    <subfield code="5">FMFIU</subfield>
  </datafield>
  <datafield tag="500" ind1=" " ind2=" ">
    <subfield code="a">Includes index.</subfield>
    <subfield code="5">FMFIU</subfield>
  </datafield>
  <datafield tag="500" ind1=" " ind2=" ">
    <subfield code="a">Rev. ed. of: Microbiology and immunology / Ken S. Rosenthal, James S. Tan. 2nd ed. c2007.</subfield>
  </datafield>
  <datafield tag="500" ind1=" " ind2=" ">
    <subfield code="a">Includes index.</subfield>
  </datafield>
</record>