

<record xmlns="http://www.loc.gov/MARC21/slim"
xmlns:xsi="http://www.w3.org/2001/XMLSchema-instance"
xsi:schemaLocation="http://www.loc.gov/MARC21/slim
http://www.loc.gov/standards/marcxml/schema/MARC21slim.xsd">
  <leader>     cam  2200469 a 4500</leader>
  <controlfield tag="001">023621456</controlfield>
  <datafield tag="245" ind1="1" ind2="0">
    <subfield code="a">Clinical pharmacokinetics and pharmacodynamics :</subfield>
    <subfield code="b">concepts and applications /</subfield>
    <subfield code="c">Malcolm Rowland, Thomas N. Tozer.</subfield>
  </datafield>
  <datafield tag="500" ind1=" " ind2=" ">
    <subfield code="a">Rev. ed. of: Clinical pharmacokinetics. 1995.</subfield>
    <subfield code="5">FTaSU</subfield>
    <subfield code="5">FTS</subfield>
  </datafield>
  <datafield tag="500" ind1=" " ind2=" ">
    <subfield code="a">Includes index.</subfield>
    <subfield code="5">FTaSU</subfield>
    <subfield code="5">FTS</subfield>
  </datafield>
</record>