

<record xmlns="http://www.loc.gov/MARC21/slim"
xmlns:xsi="http://www.w3.org/2001/XMLSchema-instance"
xsi:schemaLocation="http://www.loc.gov/MARC21/slim
http://www.loc.gov/standards/marcxml/schema/MARC21slim.xsd">
  <leader>     nam a2200589Ii 4500</leader>
  <controlfield tag="001">034610922</controlfield>
  <datafield tag="245" ind1="1" ind2="0">
    <subfield code="a">Pocket atlas of tongue diagnosis :</subfield>
    <subfield code="b">with Chinese therapy guidelines for acupuncture, herbs, and nutrition /</subfield>
    <subfield code="c">Claus C. Schnorrenberger, Beate Schnorrenberger.</subfield>
  </datafield>
  <datafield tag="500" ind1=" " ind2=" ">
    <subfield code="a">Made available through: Thieme ElectronicBook Library.</subfield>
  </datafield>
</record>