

<record xmlns="http://www.loc.gov/MARC21/slim"
xmlns:xsi="http://www.w3.org/2001/XMLSchema-instance"
xsi:schemaLocation="http://www.loc.gov/MARC21/slim
http://www.loc.gov/standards/marcxml/schema/MARC21slim.xsd">
  <leader>     cam  2200637Ka 4500</leader>
  <controlfield tag="001">034233763</controlfield>
  <datafield tag="245" ind1="1" ind2="0">
    <subfield code="a">Case files.</subfield>
    <subfield code="p">Gynecologic surgery</subfield>
    <subfield code="h">[electronic resource] /</subfield>
    <subfield code="c">Eugene C. Toy [and others].</subfield>
  </datafield>
</record>