

<record xmlns="http://www.loc.gov/MARC21/slim"
xmlns:xsi="http://www.w3.org/2001/XMLSchema-instance"
xsi:schemaLocation="http://www.loc.gov/MARC21/slim
http://www.loc.gov/standards/marcxml/schema/MARC21slim.xsd">
  <leader>03543cam  2200661Ka 4500</leader>
  <controlfield tag="001">032527030</controlfield>
  <datafield tag="245" ind1="1" ind2="0">
    <subfield code="a">Nuclear medicine</subfield>
    <subfield code="h">[electronic resource] :</subfield>
    <subfield code="b">case review /</subfield>
    <subfield code="c">Harvey A. Ziessman, Patrice Rehm ; associate editors, Twyla B. Bartel, Tracy L.Y. Brown.</subfield>
  </datafield>
  <datafield tag="500" ind1=" " ind2=" ">
    <subfield code="a">&quot;With cross-references to the Requisites series&quot;--P. [1] of cover.</subfield>
  </datafield>
  <datafield tag="500" ind1=" " ind2=" ">
    <subfield code="a">&quot;Find more in-depth information easily using cross-references to Nuclear medicine : the requisites, 3rd ed.&quot;--P. [4] of cover.</subfield>
  </datafield>
  <datafield tag="500" ind1=" " ind2=" ">
    <subfield code="a">Previous ed.: c2001.</subfield>
  </datafield>
</record>