

<record xmlns="http://www.loc.gov/MARC21/slim"
xmlns:xsi="http://www.w3.org/2001/XMLSchema-instance"
xsi:schemaLocation="http://www.loc.gov/MARC21/slim
http://www.loc.gov/standards/marcxml/schema/MARC21slim.xsd">
  <leader>     cam  2200601Ka 4500</leader>
  <controlfield tag="001">034340011</controlfield>
  <datafield tag="245" ind1="0" ind2="0">
    <subfield code="a">Case files.</subfield>
    <subfield code="p">High-risk obstetrics</subfield>
    <subfield code="h">[electronic resource] /</subfield>
    <subfield code="c">Eugene C. Toy [and others].</subfield>
  </datafield>
  <datafield tag="500" ind1=" " ind2=" ">
    <subfield code="a">Includes index.</subfield>
  </datafield>
</record>