

<record xmlns="http://www.loc.gov/MARC21/slim"
xmlns:xsi="http://www.w3.org/2001/XMLSchema-instance"
xsi:schemaLocation="http://www.loc.gov/MARC21/slim
http://www.loc.gov/standards/marcxml/schema/MARC21slim.xsd">
  <leader>     cam  2200457Ma 4500</leader>
  <controlfield tag="001">033937547</controlfield>
  <datafield tag="245" ind1="0" ind2="0">
    <subfield code="a">Principles of addiction medicine</subfield>
    <subfield code="h">[electronic resource] :</subfield>
    <subfield code="b">the essentials /</subfield>
    <subfield code="c">[edited by] Chris Cavacuiti.</subfield>
  </datafield>
  <datafield tag="500" ind1=" " ind2=" ">
    <subfield code="a">Abridgement of: Principles of addiction medicine. 4th ed. c2009.</subfield>
  </datafield>
</record>