

<record xmlns="http://www.loc.gov/MARC21/slim"
xmlns:xsi="http://www.w3.org/2001/XMLSchema-instance"
xsi:schemaLocation="http://www.loc.gov/MARC21/slim
http://www.loc.gov/standards/marcxml/schema/MARC21slim.xsd">
  <leader>01900cam  2200469Ma 4500</leader>
  <controlfield tag="001">032527109</controlfield>
  <datafield tag="245" ind1="0" ind2="0">
    <subfield code="a">Last&apos;s anatomy</subfield>
    <subfield code="h">[electronic resource] :</subfield>
    <subfield code="b">regional and applied.</subfield>
  </datafield>
</record>