

<record xmlns="http://www.loc.gov/MARC21/slim"
xmlns:xsi="http://www.w3.org/2001/XMLSchema-instance"
xsi:schemaLocation="http://www.loc.gov/MARC21/slim
http://www.loc.gov/standards/marcxml/schema/MARC21slim.xsd">
  <leader>02171cam  2200589La 4500</leader>
  <controlfield tag="001">032527037</controlfield>
  <datafield tag="245" ind1="0" ind2="0">
    <subfield code="a">Whiplash</subfield>
    <subfield code="h">[electronic resource] :</subfield>
    <subfield code="b">evidence base for clinical practice /</subfield>
    <subfield code="c">[edited by] Michele Sterling and Justin Kenardy.</subfield>
  </datafield>
</record>