

<record xmlns="http://www.loc.gov/MARC21/slim"
xmlns:xsi="http://www.w3.org/2001/XMLSchema-instance"
xsi:schemaLocation="http://www.loc.gov/MARC21/slim
http://www.loc.gov/standards/marcxml/schema/MARC21slim.xsd">
  <leader>02619cam  2200529La 4500</leader>
  <controlfield tag="001">032527035</controlfield>
  <datafield tag="245" ind1="0" ind2="4">
    <subfield code="a">The Netter Collection of medical illustrations.</subfield>
    <subfield code="n">Volume 2,</subfield>
    <subfield code="p">Endocrine system</subfield>
    <subfield code="h">[electronic resource] /</subfield>
    <subfield code="c">[edited by] William F. Young ; illustrations by Frank H. Netter and Carlos A.G. Machado ; contributing illustrators James A. Perkins, John A. Craig, Kristen Wienandt Marzejon.</subfield>
  </datafield>
</record>