

<record xmlns="http://www.loc.gov/MARC21/slim"
xmlns:xsi="http://www.w3.org/2001/XMLSchema-instance"
xsi:schemaLocation="http://www.loc.gov/MARC21/slim
http://www.loc.gov/standards/marcxml/schema/MARC21slim.xsd">
  <leader>03383cam  2200601Ia 4500</leader>
  <controlfield tag="001">032527032</controlfield>
  <datafield tag="245" ind1="0" ind2="0">
    <subfield code="a">Problem solving in neuroradiology</subfield>
    <subfield code="h">[electronic resource] /</subfield>
    <subfield code="c">[edited by] Meng Law, Peter M. Som, Thomas P. Naidich.</subfield>
  </datafield>
  <datafield tag="500" ind1=" " ind2=" ">
    <subfield code="a">&quot;Expert consult.&quot;</subfield>
  </datafield>
</record>