

<record xmlns="http://www.loc.gov/MARC21/slim"
xmlns:xsi="http://www.w3.org/2001/XMLSchema-instance"
xsi:schemaLocation="http://www.loc.gov/MARC21/slim
http://www.loc.gov/standards/marcxml/schema/MARC21slim.xsd">
  <leader>06485cam  2200553Ka 4500</leader>
  <controlfield tag="001">032527031</controlfield>
  <datafield tag="245" ind1="0" ind2="0">
    <subfield code="a">Intercellular signaling in development and disease</subfield>
    <subfield code="h">[electronic resource] /</subfield>
    <subfield code="c">editors-in-chief, Edward A. Dennis, Ralph A. Bradshaw.</subfield>
  </datafield>
</record>