

<record xmlns="http://www.loc.gov/MARC21/slim"
xmlns:xsi="http://www.w3.org/2001/XMLSchema-instance"
xsi:schemaLocation="http://www.loc.gov/MARC21/slim
http://www.loc.gov/standards/marcxml/schema/MARC21slim.xsd">
  <leader>11625cam  2200637Ka 4500</leader>
  <controlfield tag="001">032527029</controlfield>
  <datafield tag="245" ind1="0" ind2="0">
    <subfield code="a">Systemic lupus erythematosus</subfield>
    <subfield code="h">[electronic resource] /</subfield>
    <subfield code="c">editor, Robert G. Lahita ; associate editors, George Tsokos, Jill P. Buyon, Takao Koike.</subfield>
  </datafield>
</record>