

<record xmlns="http://www.loc.gov/MARC21/slim"
xmlns:xsi="http://www.w3.org/2001/XMLSchema-instance"
xsi:schemaLocation="http://www.loc.gov/MARC21/slim
http://www.loc.gov/standards/marcxml/schema/MARC21slim.xsd">
  <leader>04222cam  2200685Ka 4500</leader>
  <controlfield tag="001">032527028</controlfield>
  <datafield tag="245" ind1="0" ind2="0">
    <subfield code="a">Case review</subfield>
    <subfield code="h">[electronic resource] :</subfield>
    <subfield code="b">pediatric imaging.</subfield>
  </datafield>
  <datafield tag="500" ind1=" " ind2=" ">
    <subfield code="a">Rev. ed. of: Pediatric imaging : case review / Robert J. Ward, Hans Blickman. c2007.</subfield>
  </datafield>
</record>