

<record xmlns="http://www.loc.gov/MARC21/slim"
xmlns:xsi="http://www.w3.org/2001/XMLSchema-instance"
xsi:schemaLocation="http://www.loc.gov/MARC21/slim
http://www.loc.gov/standards/marcxml/schema/MARC21slim.xsd">
  <leader>02694cam  2200325Ka 4500</leader>
  <controlfield tag="001">032526935</controlfield>
  <datafield tag="245" ind1="0" ind2="0">
    <subfield code="a">Master techniques in rhinoplasty</subfield>
    <subfield code="h">[electronic resource] /</subfield>
    <subfield code="c">[edited by] Babak Azizzadeh ... [et al.].</subfield>
  </datafield>
</record>