

<record xmlns="http://www.loc.gov/MARC21/slim"
xmlns:xsi="http://www.w3.org/2001/XMLSchema-instance"
xsi:schemaLocation="http://www.loc.gov/MARC21/slim
http://www.loc.gov/standards/marcxml/schema/MARC21slim.xsd">
  <leader>02337cam  2200397Ka 4500</leader>
  <controlfield tag="001">032526933</controlfield>
  <datafield tag="245" ind1="0" ind2="0">
    <subfield code="a">Management of acute obstetric emergencies</subfield>
    <subfield code="h">[electronic resource] /</subfield>
    <subfield code="c">Baha M. Sibai [editor] ; illustrated by Joe Chovan.</subfield>
  </datafield>
</record>