

<record xmlns="http://www.loc.gov/MARC21/slim"
xmlns:xsi="http://www.w3.org/2001/XMLSchema-instance"
xsi:schemaLocation="http://www.loc.gov/MARC21/slim
http://www.loc.gov/standards/marcxml/schema/MARC21slim.xsd">
  <leader>03294cam  2200637Ka 4500</leader>
  <controlfield tag="001">032526859</controlfield>
  <datafield tag="245" ind1="0" ind2="0">
    <subfield code="a">Clinical orthopaedic rehabilitation</subfield>
    <subfield code="h">[electronic resource] :</subfield>
    <subfield code="b">an evidence-based approach /</subfield>
    <subfield code="c">S. Brent Brotzman, Robert C. Manske ; managing editor, Kay Daugherty.</subfield>
  </datafield>
</record>