

<record xmlns="http://www.loc.gov/MARC21/slim"
xmlns:xsi="http://www.w3.org/2001/XMLSchema-instance"
xsi:schemaLocation="http://www.loc.gov/MARC21/slim
http://www.loc.gov/standards/marcxml/schema/MARC21slim.xsd">
  <leader>01701cam  2200469La 4500</leader>
  <controlfield tag="001">032526785</controlfield>
  <datafield tag="245" ind1="0" ind2="0">
    <subfield code="a">Sclerotherapy</subfield>
    <subfield code="h">[electronic resource] :</subfield>
    <subfield code="b">treatment of varicose and telangiectatic leg veins /</subfield>
    <subfield code="c">editors, Mitchel P. Goldman, Jean-Jérôme Guex, Robert A. Weiss.</subfield>
  </datafield>
</record>