

<record xmlns="http://www.loc.gov/MARC21/slim"
xmlns:xsi="http://www.w3.org/2001/XMLSchema-instance"
xsi:schemaLocation="http://www.loc.gov/MARC21/slim
http://www.loc.gov/standards/marcxml/schema/MARC21slim.xsd">
  <leader>02706cam  2200553Ia 4500</leader>
  <controlfield tag="001">032526775</controlfield>
  <datafield tag="245" ind1="0" ind2="0">
    <subfield code="a">Netter&apos;s pediatrics</subfield>
    <subfield code="h">[electronic resource] /</subfield>
    <subfield code="c">editors, Todd A. Florin, Stephen Ludwig ; associate editors, Paul L. Aronson, Heidi C. Werner ; illustrations by Frank H. Netter ; contributing illustrators, Carlos A.G. Machado ... [et al.].</subfield>
  </datafield>
</record>