

<record xmlns="http://www.loc.gov/MARC21/slim"
xmlns:xsi="http://www.w3.org/2001/XMLSchema-instance"
xsi:schemaLocation="http://www.loc.gov/MARC21/slim
http://www.loc.gov/standards/marcxml/schema/MARC21slim.xsd">
  <leader>02123cam  2200541La 4500</leader>
  <controlfield tag="001">032526769</controlfield>
  <datafield tag="245" ind1="0" ind2="0">
    <subfield code="a">Shoulder and elbow surgery</subfield>
    <subfield code="h">[electronic resource] /</subfield>
    <subfield code="c">[edited by] Donald H. Lee, Robert J. Neviaser.</subfield>
  </datafield>
</record>