

<record xmlns="http://www.loc.gov/MARC21/slim"
xmlns:xsi="http://www.w3.org/2001/XMLSchema-instance"
xsi:schemaLocation="http://www.loc.gov/MARC21/slim
http://www.loc.gov/standards/marcxml/schema/MARC21slim.xsd">
  <leader>02683cam  2200421Ia 4500</leader>
  <controlfield tag="001">032526741</controlfield>
  <datafield tag="245" ind1="0" ind2="0">
    <subfield code="a">Practical perioperative transesophageal echocardiography</subfield>
    <subfield code="h">[electronic resource] :</subfield>
    <subfield code="b">with critical care echocardiography /</subfield>
    <subfield code="c">David Sidebotham ... [et al.].</subfield>
  </datafield>
  <datafield tag="500" ind1=" " ind2=" ">
    <subfield code="a">Previous ed.: 2003.</subfield>
  </datafield>
</record>