

<record xmlns="http://www.loc.gov/MARC21/slim"
xmlns:xsi="http://www.w3.org/2001/XMLSchema-instance"
xsi:schemaLocation="http://www.loc.gov/MARC21/slim
http://www.loc.gov/standards/marcxml/schema/MARC21slim.xsd">
  <leader>02683cam  2200589La 4500</leader>
  <controlfield tag="001">032526703</controlfield>
  <datafield tag="245" ind1="0" ind2="4">
    <subfield code="a">The Netter collection of medical illustrations.</subfield>
    <subfield code="n">Volume 3,</subfield>
    <subfield code="p">Respiratory system</subfield>
    <subfield code="h">[electronic resource] /</subfield>
    <subfield code="c">[edited by] David A. Kaminsky ; illustrations by Frank H. Netter, and Carlos A.G. Machado ; contributing illustrators, John A. Craig ... [et al.].</subfield>
  </datafield>
</record>