

<record xmlns="http://www.loc.gov/MARC21/slim"
xmlns:xsi="http://www.w3.org/2001/XMLSchema-instance"
xsi:schemaLocation="http://www.loc.gov/MARC21/slim
http://www.loc.gov/standards/marcxml/schema/MARC21slim.xsd">
  <leader>04023cam  2200565La 4500</leader>
  <controlfield tag="001">032526682</controlfield>
  <datafield tag="245" ind1="0" ind2="0">
    <subfield code="a">Breast imaging</subfield>
    <subfield code="h">[electronic resource] /</subfield>
    <subfield code="c">Lawrence W. Bassett ... [et al.] [editors].</subfield>
  </datafield>
</record>