

<record xmlns="http://www.loc.gov/MARC21/slim"
xmlns:xsi="http://www.w3.org/2001/XMLSchema-instance"
xsi:schemaLocation="http://www.loc.gov/MARC21/slim
http://www.loc.gov/standards/marcxml/schema/MARC21slim.xsd">
  <leader>02661cam  2200565La 4500</leader>
  <controlfield tag="001">032526671</controlfield>
  <datafield tag="245" ind1="0" ind2="0">
    <subfield code="a">Gynecologic imaging</subfield>
    <subfield code="h">[electronic resource] /</subfield>
    <subfield code="c">[edited by] Julia R. Fielding, Douglas L. Brown, Amy S. Thurmond.</subfield>
  </datafield>
  <datafield tag="500" ind1=" " ind2=" ">
    <subfield code="a">&quot;Expert consult.&quot;--Cover.</subfield>
  </datafield>
</record>