

<record xmlns="http://www.loc.gov/MARC21/slim"
xmlns:xsi="http://www.w3.org/2001/XMLSchema-instance"
xsi:schemaLocation="http://www.loc.gov/MARC21/slim
http://www.loc.gov/standards/marcxml/schema/MARC21slim.xsd">
  <leader>02647cam  2200505La 4500</leader>
  <controlfield tag="001">032526670</controlfield>
  <datafield tag="245" ind1="0" ind2="0">
    <subfield code="a">Atlas of clinical neurology</subfield>
    <subfield code="h">[electronic resource] /</subfield>
    <subfield code="c">G. David Perkin ... [et al.].</subfield>
  </datafield>
  <datafield tag="500" ind1=" " ind2=" ">
    <subfield code="a">Rev. ed. of: Atlas of clinical neurology / G. David Perkin, Fred H. Hochberg, Douglas C. Miller. 2nd ed. 1993.</subfield>
  </datafield>
  <datafield tag="500" ind1=" " ind2=" ">
    <subfield code="a">Includes index.</subfield>
  </datafield>
  <datafield tag="500" ind1=" " ind2=" ">
    <subfield code="a">&quot;Expert Consult.&quot;--Cover.</subfield>
  </datafield>
</record>