

<record xmlns="http://www.loc.gov/MARC21/slim"
xmlns:xsi="http://www.w3.org/2001/XMLSchema-instance"
xsi:schemaLocation="http://www.loc.gov/MARC21/slim
http://www.loc.gov/standards/marcxml/schema/MARC21slim.xsd">
  <leader>02689cam  2200577La 4500</leader>
  <controlfield tag="001">032526664</controlfield>
  <datafield tag="245" ind1="0" ind2="0">
    <subfield code="a">Treatment of leg veins</subfield>
    <subfield code="h">[electronic resource] /</subfield>
    <subfield code="c">edited by Murad Alam, Sirunya Silapunt.</subfield>
  </datafield>
  <datafield tag="500" ind1=" " ind2=" ">
    <subfield code="a">First edition 2006.</subfield>
  </datafield>
</record>