

<record xmlns="http://www.loc.gov/MARC21/slim"
xmlns:xsi="http://www.w3.org/2001/XMLSchema-instance"
xsi:schemaLocation="http://www.loc.gov/MARC21/slim
http://www.loc.gov/standards/marcxml/schema/MARC21slim.xsd">
  <leader>02176cam  2200481La 4500</leader>
  <controlfield tag="001">032526660</controlfield>
  <datafield tag="245" ind1="0" ind2="0">
    <subfield code="a">Cerebral revascularization</subfield>
    <subfield code="h">[electronic resource] :</subfield>
    <subfield code="b">techniques in extracranial-to-intracranial bypass surgery /</subfield>
    <subfield code="c">[edited by] Saleem I. Abdulrauf.</subfield>
  </datafield>
  <datafield tag="500" ind1=" " ind2=" ">
    <subfield code="a">&quot;Expert Consult.&quot;--Cover.</subfield>
  </datafield>
</record>