

<record xmlns="http://www.loc.gov/MARC21/slim"
xmlns:xsi="http://www.w3.org/2001/XMLSchema-instance"
xsi:schemaLocation="http://www.loc.gov/MARC21/slim
http://www.loc.gov/standards/marcxml/schema/MARC21slim.xsd">
  <leader>02762cam  2200577La 4500</leader>
  <controlfield tag="001">032526653</controlfield>
  <datafield tag="245" ind1="0" ind2="0">
    <subfield code="a">Preventive cardiology</subfield>
    <subfield code="h">[electronic resource] :</subfield>
    <subfield code="b">a companion to Braunwald&apos;s heart disease /</subfield>
    <subfield code="c">[edited by] Roger S. Blumenthal, JoAnne M. Foody, Nathan D. Wong.</subfield>
  </datafield>
  <datafield tag="500" ind1=" " ind2=" ">
    <subfield code="a">Companion to Braunwald&apos;s heart disease.</subfield>
  </datafield>
  <datafield tag="500" ind1=" " ind2=" ">
    <subfield code="a">&quot;Expert consult&quot;--Cover.</subfield>
  </datafield>
</record>