

<record xmlns="http://www.loc.gov/MARC21/slim"
xmlns:xsi="http://www.w3.org/2001/XMLSchema-instance"
xsi:schemaLocation="http://www.loc.gov/MARC21/slim
http://www.loc.gov/standards/marcxml/schema/MARC21slim.xsd">
  <leader>02791cam  2200493La 4500</leader>
  <controlfield tag="001">032526652</controlfield>
  <datafield tag="245" ind1="0" ind2="0">
    <subfield code="a">Neuromuscular ultrasound</subfield>
    <subfield code="h">[electronic resource] /</subfield>
    <subfield code="c">[edited by] Francis O. Walker, Michael S. Cartwright.</subfield>
  </datafield>
</record>