

<record xmlns="http://www.loc.gov/MARC21/slim"
xmlns:xsi="http://www.w3.org/2001/XMLSchema-instance"
xsi:schemaLocation="http://www.loc.gov/MARC21/slim
http://www.loc.gov/standards/marcxml/schema/MARC21slim.xsd">
  <leader>03444cam  2200565La 4500</leader>
  <controlfield tag="001">032526649</controlfield>
  <datafield tag="245" ind1="0" ind2="0">
    <subfield code="a">Gray&apos;s clinical neuroanatomy</subfield>
    <subfield code="h">[electronic resource] :</subfield>
    <subfield code="b">the anatomic basis for clinical neuroscience /</subfield>
    <subfield code="c">editor, Elliott L. Mancall ; associate editor, David G. Brock.</subfield>
  </datafield>
  <datafield tag="500" ind1=" " ind2=" ">
    <subfield code="a">&quot;Excerpts from Gray&apos;s anatomy.&quot;</subfield>
  </datafield>
</record>