

<record xmlns="http://www.loc.gov/MARC21/slim"
xmlns:xsi="http://www.w3.org/2001/XMLSchema-instance"
xsi:schemaLocation="http://www.loc.gov/MARC21/slim
http://www.loc.gov/standards/marcxml/schema/MARC21slim.xsd">
  <leader>02205cam  2200541Ia 4500</leader>
  <controlfield tag="001">032526640</controlfield>
  <datafield tag="245" ind1="0" ind2="0">
    <subfield code="a">Ferri&apos;s fast facts in dermatology</subfield>
    <subfield code="h">[electronic resource] :</subfield>
    <subfield code="b">a practical guide to skin diseases and disorders /</subfield>
    <subfield code="c">editor, Fred F. Ferri ; associate editors, James S. Studdiford, Amber Tully.</subfield>
  </datafield>
  <datafield tag="500" ind1=" " ind2=" ">
    <subfield code="a">Includes index.</subfield>
  </datafield>
</record>