

<record xmlns="http://www.loc.gov/MARC21/slim"
xmlns:xsi="http://www.w3.org/2001/XMLSchema-instance"
xsi:schemaLocation="http://www.loc.gov/MARC21/slim
http://www.loc.gov/standards/marcxml/schema/MARC21slim.xsd">
  <leader>03460cam  2200625Ka 4500</leader>
  <controlfield tag="001">032526624</controlfield>
  <datafield tag="245" ind1="0" ind2="0">
    <subfield code="a">Pain procedures in clinical practice</subfield>
    <subfield code="h">[electronic resource] /</subfield>
    <subfield code="c">Ted A. Lennard ... [et al.].</subfield>
  </datafield>
</record>