

<record xmlns="http://www.loc.gov/MARC21/slim"
xmlns:xsi="http://www.w3.org/2001/XMLSchema-instance"
xsi:schemaLocation="http://www.loc.gov/MARC21/slim
http://www.loc.gov/standards/marcxml/schema/MARC21slim.xsd">
  <leader>03352cam  2200625Ka 4500</leader>
  <controlfield tag="001">032526614</controlfield>
  <datafield tag="245" ind1="0" ind2="0">
    <subfield code="a">Wheater&apos;s basic pathology</subfield>
    <subfield code="h">[electronic resource] :</subfield>
    <subfield code="b">a text, atlas, and review of histopathology.</subfield>
  </datafield>
  <datafield tag="500" ind1=" " ind2=" ">
    <subfield code="a">Rev. ed. of: Wheater&apos;s basic histopathology / [edited] by Alan Stevens, James S. Lowe, Barbara Young ; drawings by Philip J. Deakin. 2002.</subfield>
  </datafield>
  <datafield tag="500" ind1=" " ind2=" ">
    <subfield code="a">Includes index.</subfield>
  </datafield>
</record>