

<record xmlns="http://www.loc.gov/MARC21/slim"
xmlns:xsi="http://www.w3.org/2001/XMLSchema-instance"
xsi:schemaLocation="http://www.loc.gov/MARC21/slim
http://www.loc.gov/standards/marcxml/schema/MARC21slim.xsd">
  <leader>03130cam  2200649Ia 4500</leader>
  <controlfield tag="001">032526606</controlfield>
  <datafield tag="245" ind1="0" ind2="0">
    <subfield code="a">Vitamin D</subfield>
    <subfield code="h">[electronic resource] /</subfield>
    <subfield code="c">editor-in-chief, David Feldman ; associate editors, J. Wesley Pike, John S. Adams.</subfield>
  </datafield>
  <datafield tag="500" ind1=" " ind2=" ">
    <subfield code="a">&quot;Elsevier science &amp; technology books&quot;--Prelim. p.</subfield>
  </datafield>
</record>