

<record xmlns="http://www.loc.gov/MARC21/slim"
xmlns:xsi="http://www.w3.org/2001/XMLSchema-instance"
xsi:schemaLocation="http://www.loc.gov/MARC21/slim
http://www.loc.gov/standards/marcxml/schema/MARC21slim.xsd">
  <leader>     cam  2200745Ia 4500</leader>
  <controlfield tag="001">032526601</controlfield>
  <datafield tag="245" ind1="0" ind2="0">
    <subfield code="a">Kaplan&apos;s cardiac anesthesia</subfield>
    <subfield code="h">[electronic resource] :</subfield>
    <subfield code="b">the echo era /</subfield>
    <subfield code="c">editor, Joel A. Kaplan ; associate editors, David L. Reich, Joseph S. Savino.</subfield>
  </datafield>
</record>