

<record xmlns="http://www.loc.gov/MARC21/slim"
xmlns:xsi="http://www.w3.org/2001/XMLSchema-instance"
xsi:schemaLocation="http://www.loc.gov/MARC21/slim
http://www.loc.gov/standards/marcxml/schema/MARC21slim.xsd">
  <leader>05175cam  2200613Ia 4500</leader>
  <controlfield tag="001">032526600</controlfield>
  <datafield tag="245" ind1="0" ind2="0">
    <subfield code="a">Diagnostic gynecologic and obstetric pathology</subfield>
    <subfield code="h">[electronic resource] /</subfield>
    <subfield code="c">editors, Christopher P. Crum, Marisa R. Nucci, Kenneth R. Lee ; associate editors, Theonia K. Boyd ... [et al.].</subfield>
  </datafield>
</record>