

<record xmlns="http://www.loc.gov/MARC21/slim"
xmlns:xsi="http://www.w3.org/2001/XMLSchema-instance"
xsi:schemaLocation="http://www.loc.gov/MARC21/slim
http://www.loc.gov/standards/marcxml/schema/MARC21slim.xsd">
  <leader>05967cam  2200637Ia 4500</leader>
  <controlfield tag="001">032526599</controlfield>
  <datafield tag="245" ind1="0" ind2="0">
    <subfield code="a">High risk pregnancy</subfield>
    <subfield code="h">[electronic resource] :</subfield>
    <subfield code="b">management options /</subfield>
    <subfield code="c">senior editor, David K. James ; associate editors, Philip J. Steer ... [et al.].</subfield>
  </datafield>
</record>