

<record xmlns="http://www.loc.gov/MARC21/slim"
xmlns:xsi="http://www.w3.org/2001/XMLSchema-instance"
xsi:schemaLocation="http://www.loc.gov/MARC21/slim
http://www.loc.gov/standards/marcxml/schema/MARC21slim.xsd">
  <leader>05483cam  22005894a 4500</leader>
  <controlfield tag="001">032526596</controlfield>
  <datafield tag="245" ind1="0" ind2="0">
    <subfield code="a">Palliative care</subfield>
    <subfield code="h">[electronic resource] :</subfield>
    <subfield code="b">core skills and clinical competencies /</subfield>
    <subfield code="c">[edited by] Linda L. Emanuel, S. Lawrence Librach.</subfield>
  </datafield>
  <datafield tag="500" ind1=" " ind2=" ">
    <subfield code="a">&quot;Expert consult online and print.&quot;</subfield>
  </datafield>
</record>