

<record xmlns="http://www.loc.gov/MARC21/slim"
xmlns:xsi="http://www.w3.org/2001/XMLSchema-instance"
xsi:schemaLocation="http://www.loc.gov/MARC21/slim
http://www.loc.gov/standards/marcxml/schema/MARC21slim.xsd">
  <leader>05775cam  2200541Ka 4500</leader>
  <controlfield tag="001">032526592</controlfield>
  <datafield tag="245" ind1="0" ind2="4">
    <subfield code="a">The pituitary</subfield>
    <subfield code="h">[electronic resource] /</subfield>
    <subfield code="c">edited by Shlomo Melmed.</subfield>
  </datafield>
  <datafield tag="500" ind1=" " ind2=" ">
    <subfield code="a">Previous ed.: Malden, Mass.; London: Blackwell, 2002.</subfield>
  </datafield>
</record>