

<record xmlns="http://www.loc.gov/MARC21/slim"
xmlns:xsi="http://www.w3.org/2001/XMLSchema-instance"
xsi:schemaLocation="http://www.loc.gov/MARC21/slim
http://www.loc.gov/standards/marcxml/schema/MARC21slim.xsd">
  <leader>03344cam  2200577Ka 4500</leader>
  <controlfield tag="001">032526588</controlfield>
  <datafield tag="245" ind1="0" ind2="2">
    <subfield code="a">A primer in cartilage repair and joint preservation of the knee</subfield>
    <subfield code="h">[electronic resource] /</subfield>
    <subfield code="c">edited by Tom Minas.</subfield>
  </datafield>
</record>