

<record xmlns="http://www.loc.gov/MARC21/slim"
xmlns:xsi="http://www.w3.org/2001/XMLSchema-instance"
xsi:schemaLocation="http://www.loc.gov/MARC21/slim
http://www.loc.gov/standards/marcxml/schema/MARC21slim.xsd">
  <leader>04274cam  2200577Ka 4500</leader>
  <controlfield tag="001">032526586</controlfield>
  <datafield tag="245" ind1="0" ind2="0">
    <subfield code="a">Practical hepatic pathology</subfield>
    <subfield code="h">[electronic resource] :</subfield>
    <subfield code="b">a diagnostic approach /</subfield>
    <subfield code="c">[edited by] Romil Saxena.</subfield>
  </datafield>
</record>