

<record xmlns="http://www.loc.gov/MARC21/slim"
xmlns:xsi="http://www.w3.org/2001/XMLSchema-instance"
xsi:schemaLocation="http://www.loc.gov/MARC21/slim
http://www.loc.gov/standards/marcxml/schema/MARC21slim.xsd">
  <leader>04200cam  22006134a 4500</leader>
  <controlfield tag="001">032526576</controlfield>
  <datafield tag="245" ind1="0" ind2="4">
    <subfield code="a">The comprehensive treatment of the aging spine</subfield>
    <subfield code="h">[electronic resource] :</subfield>
    <subfield code="b">minimally invasive and advanced techniques /</subfield>
    <subfield code="c">[edited by] James Joseph Yue ... [et al.].</subfield>
  </datafield>
</record>