

<record xmlns="http://www.loc.gov/MARC21/slim"
xmlns:xsi="http://www.w3.org/2001/XMLSchema-instance"
xsi:schemaLocation="http://www.loc.gov/MARC21/slim
http://www.loc.gov/standards/marcxml/schema/MARC21slim.xsd">
  <leader>06502cam  2200625Ia 4500</leader>
  <controlfield tag="001">032526561</controlfield>
  <datafield tag="245" ind1="0" ind2="0">
    <subfield code="a">Assisted ventilation of the neonate</subfield>
    <subfield code="h">[electronic resource] /</subfield>
    <subfield code="c">[edited by] Jay P. Goldsmith, Edward H. Karotkin ; illustrations by Barbara L. Siede.</subfield>
  </datafield>
</record>