

<record xmlns="http://www.loc.gov/MARC21/slim"
xmlns:xsi="http://www.w3.org/2001/XMLSchema-instance"
xsi:schemaLocation="http://www.loc.gov/MARC21/slim
http://www.loc.gov/standards/marcxml/schema/MARC21slim.xsd">
  <leader>05213cam  22006014a 4500</leader>
  <controlfield tag="001">032526554</controlfield>
  <datafield tag="245" ind1="0" ind2="0">
    <subfield code="a">Neuromuscular disorders</subfield>
    <subfield code="h">[electronic resource] :</subfield>
    <subfield code="b">management and therapy /</subfield>
    <subfield code="c">Tulio E. Bertorini.</subfield>
  </datafield>
</record>