

<record xmlns="http://www.loc.gov/MARC21/slim"
xmlns:xsi="http://www.w3.org/2001/XMLSchema-instance"
xsi:schemaLocation="http://www.loc.gov/MARC21/slim
http://www.loc.gov/standards/marcxml/schema/MARC21slim.xsd">
  <leader>06750cam  2200661 a 4500</leader>
  <controlfield tag="001">032526544</controlfield>
  <datafield tag="245" ind1="0" ind2="0">
    <subfield code="a">Child abuse and neglect</subfield>
    <subfield code="h">[electronic resource] :</subfield>
    <subfield code="b">diagnosis, treatment, and evidence /</subfield>
    <subfield code="c">Carole Jenny, editor.</subfield>
  </datafield>
</record>