

<record xmlns="http://www.loc.gov/MARC21/slim"
xmlns:xsi="http://www.w3.org/2001/XMLSchema-instance"
xsi:schemaLocation="http://www.loc.gov/MARC21/slim
http://www.loc.gov/standards/marcxml/schema/MARC21slim.xsd">
  <leader>05581cam  2200565Ka 4500</leader>
  <controlfield tag="001">032526537</controlfield>
  <datafield tag="245" ind1="0" ind2="0">
    <subfield code="a">Acute coronary syndromes</subfield>
    <subfield code="h">[electronic resource] :</subfield>
    <subfield code="b">a companion to Braunwald&apos;s heart disease /</subfield>
    <subfield code="c">[edited by] Pierre Theroux.</subfield>
  </datafield>
  <datafield tag="500" ind1=" " ind2=" ">
    <subfield code="a">Companion to: Braunwald&apos;s heart disease / edited by Peter Libby ... [et al.]. 8th ed. c2008.</subfield>
  </datafield>
</record>