

<record xmlns="http://www.loc.gov/MARC21/slim"
xmlns:xsi="http://www.w3.org/2001/XMLSchema-instance"
xsi:schemaLocation="http://www.loc.gov/MARC21/slim
http://www.loc.gov/standards/marcxml/schema/MARC21slim.xsd">
  <leader>04115cam  2200577La 4500</leader>
  <controlfield tag="001">032338510</controlfield>
  <datafield tag="245" ind1="0" ind2="4">
    <subfield code="a">The metabolic syndrome</subfield>
    <subfield code="h">[electronic resource] /</subfield>
    <subfield code="c">edited by Christopher D. Byrne, Sarah H. Wild.</subfield>
  </datafield>
</record>