

<record xmlns="http://www.loc.gov/MARC21/slim"
xmlns:xsi="http://www.w3.org/2001/XMLSchema-instance"
xsi:schemaLocation="http://www.loc.gov/MARC21/slim
http://www.loc.gov/standards/marcxml/schema/MARC21slim.xsd">
  <leader>     cam  2200481Ka 4500</leader>
  <controlfield tag="001">031914538</controlfield>
  <datafield tag="245" ind1="0" ind2="0">
    <subfield code="a">First aid for the USMLE step 1,</subfield>
    <subfield code="n">2011</subfield>
    <subfield code="h">[electronic resource] :</subfield>
    <subfield code="b">a student-to-student guide /</subfield>
    <subfield code="c">Tao Le ... [et al.].</subfield>
  </datafield>
</record>