

<record xmlns="http://www.loc.gov/MARC21/slim"
xmlns:xsi="http://www.w3.org/2001/XMLSchema-instance"
xsi:schemaLocation="http://www.loc.gov/MARC21/slim
http://www.loc.gov/standards/marcxml/schema/MARC21slim.xsd">
  <leader>01352cam  2200385Ma 4500</leader>
  <controlfield tag="001">028924251</controlfield>
  <datafield tag="245" ind1="0" ind2="0">
    <subfield code="a">Smith&apos;s anesthesia for infants and children</subfield>
    <subfield code="h">[electronic resource] /</subfield>
    <subfield code="c">edited by Etsuro K. Motoyama, Peter J. Davis, Franklyn P. Cladis.</subfield>
  </datafield>
  <datafield tag="500" ind1=" " ind2=" ">
    <subfield code="a">Previous ed.: 2006.</subfield>
    <subfield code="5">FBoU</subfield>
  </datafield>
</record>