

<record xmlns="http://www.loc.gov/MARC21/slim"
xmlns:xsi="http://www.w3.org/2001/XMLSchema-instance"
xsi:schemaLocation="http://www.loc.gov/MARC21/slim
http://www.loc.gov/standards/marcxml/schema/MARC21slim.xsd">
  <leader>03072cam  2200517Ka 4500</leader>
  <controlfield tag="001">027331686</controlfield>
  <datafield tag="245" ind1="0" ind2="0">
    <subfield code="a">Behavioral treatments for sleep disorders</subfield>
    <subfield code="h">[electronic resource] :</subfield>
    <subfield code="b">a comprehensive primer of behavioral sleep medicine interventions /</subfield>
    <subfield code="c">edited by Michael Perlis, Mark Aloia, Brett Kuhn.</subfield>
  </datafield>
</record>