

<record xmlns="http://www.loc.gov/MARC21/slim"
xmlns:xsi="http://www.w3.org/2001/XMLSchema-instance"
xsi:schemaLocation="http://www.loc.gov/MARC21/slim
http://www.loc.gov/standards/marcxml/schema/MARC21slim.xsd">
  <leader>     cam  22004214a 4500</leader>
  <controlfield tag="001">026693511</controlfield>
  <datafield tag="245" ind1="0" ind2="0">
    <subfield code="a">Mosby&apos;s guide to physical examination /</subfield>
    <subfield code="c">Henry M. Seidel ... [et al.].</subfield>
  </datafield>
</record>