

<record xmlns="http://www.loc.gov/MARC21/slim"
xmlns:xsi="http://www.w3.org/2001/XMLSchema-instance"
xsi:schemaLocation="http://www.loc.gov/MARC21/slim
http://www.loc.gov/standards/marcxml/schema/MARC21slim.xsd">
  <leader>     cam  2200445Ia 4500</leader>
  <controlfield tag="001">026392104</controlfield>
  <datafield tag="245" ind1="0" ind2="0">
    <subfield code="a">Multimodal cardiovascular imaging</subfield>
    <subfield code="h">[electronic resource] :</subfield>
    <subfield code="b">principles and clinical applications /</subfield>
    <subfield code="c">Olle Pahlm, Galen S. Wagner, [editors].</subfield>
  </datafield>
  <datafield tag="500" ind1=" " ind2=" ">
    <subfield code="a">Title from resource home page (Access Medicine, viewed October 4, 2011).</subfield>
    <subfield code="5">FMFIU</subfield>
    <subfield code="5">FU</subfield>
  </datafield>
</record>