

<record xmlns="http://www.loc.gov/MARC21/slim"
xmlns:xsi="http://www.w3.org/2001/XMLSchema-instance"
xsi:schemaLocation="http://www.loc.gov/MARC21/slim
http://www.loc.gov/standards/marcxml/schema/MARC21slim.xsd">
  <leader>     nam  2200421Ii 4500</leader>
  <controlfield tag="001">025524321</controlfield>
  <datafield tag="245" ind1="0" ind2="0">
    <subfield code="a">Illustrated handbook of toxicology</subfield>
    <subfield code="h">[electronic resource] /</subfield>
    <subfield code="c">edited by Franz-Xaver Reichl, Leonard Ritter, with contributions by Jochen Benecke ... [et al.].</subfield>
  </datafield>
  <datafield tag="500" ind1=" " ind2=" ">
    <subfield code="a">Title from Thieme&apos;s title page (viewed Feb. 9, 2012).</subfield>
    <subfield code="5">FTaSU</subfield>
  </datafield>
  <datafield tag="500" ind1=" " ind2=" ">
    <subfield code="a">This book is an authorized and revised translation of the 3rd German edition published and copyrighted 2009 by George Thieme Verlag, Stuttgart, German. title of the German edition: Taschenatlas Toxikologie. -- T.p. verso</subfield>
  </datafield>
  <datafield tag="500" ind1=" " ind2=" ">
    <subfield code="a">Translator: Ursula Vielkind.</subfield>
  </datafield>
  <datafield tag="500" ind1=" " ind2=" ">
    <subfield code="a">Illustrators: Epline, Ruth Hammekehle.</subfield>
  </datafield>
</record>