

<record xmlns="http://www.loc.gov/MARC21/slim"
xmlns:xsi="http://www.w3.org/2001/XMLSchema-instance"
xsi:schemaLocation="http://www.loc.gov/MARC21/slim
http://www.loc.gov/standards/marcxml/schema/MARC21slim.xsd">
  <leader>07358cam  2200469Ka 4500</leader>
  <controlfield tag="001">024962038</controlfield>
  <datafield tag="245" ind1="0" ind2="0">
    <subfield code="a">Essentials of pain medicine</subfield>
    <subfield code="h">[electronic resource] /</subfield>
    <subfield code="c">[edited by] Honorio T. Benzon ... [et al.].</subfield>
  </datafield>
  <datafield tag="500" ind1=" " ind2=" ">
    <subfield code="a">Title from title screen (viewed Nov. 11, 2011).</subfield>
  </datafield>
  <datafield tag="500" ind1=" " ind2=" ">
    <subfield code="a">Rev. ed. of: Essentials of pain medicine and regional anesthesia. 2nd ed. c2005.</subfield>
    <subfield code="5">FMFIU</subfield>
  </datafield>
</record>