

<record xmlns="http://www.loc.gov/MARC21/slim"
xmlns:xsi="http://www.w3.org/2001/XMLSchema-instance"
xsi:schemaLocation="http://www.loc.gov/MARC21/slim
http://www.loc.gov/standards/marcxml/schema/MARC21slim.xsd">
  <leader>     nam  2200349Ka 4500</leader>
  <controlfield tag="001">024896960</controlfield>
  <datafield tag="245" ind1="0" ind2="0">
    <subfield code="a">Wallach&apos;s interpretation of diagnostic tests</subfield>
    <subfield code="h">[electronic resource] /</subfield>
    <subfield code="c">edited by Mary A. Williamson with L. Michael Snyder. .</subfield>
  </datafield>
  <datafield tag="500" ind1=" " ind2=" ">
    <subfield code="a">Rev. ed. of: Interpretation of diagnostic tests / Jacques Wallach. 8th ed. c2007.</subfield>
    <subfield code="5">FTaSU</subfield>
  </datafield>
  <datafield tag="500" ind1=" " ind2=" ">
    <subfield code="a">Title from homepage (viewed Oct.20, 2011).</subfield>
    <subfield code="5">FTaSU</subfield>
  </datafield>
</record>