

<record xmlns="http://www.loc.gov/MARC21/slim"
xmlns:xsi="http://www.w3.org/2001/XMLSchema-instance"
xsi:schemaLocation="http://www.loc.gov/MARC21/slim
http://www.loc.gov/standards/marcxml/schema/MARC21slim.xsd">
  <leader>     nam  22003734a 4500</leader>
  <controlfield tag="001">024436067</controlfield>
  <datafield tag="245" ind1="0" ind2="0">
    <subfield code="a">Care at the close of life</subfield>
    <subfield code="h">[electronic resource] :</subfield>
    <subfield code="b">evidence and experience /</subfield>
    <subfield code="c">edited by Stephen J. McPhee ... [et al.].</subfield>
  </datafield>
  <datafield tag="500" ind1=" " ind2=" ">
    <subfield code="a">Title from title page (viewed Aug. 29, 2011).</subfield>
    <subfield code="5">FTaSU</subfield>
  </datafield>
</record>