

<record xmlns="http://www.loc.gov/MARC21/slim"
xmlns:xsi="http://www.w3.org/2001/XMLSchema-instance"
xsi:schemaLocation="http://www.loc.gov/MARC21/slim
http://www.loc.gov/standards/marcxml/schema/MARC21slim.xsd">
  <leader>     cam  2200469Ia 4500</leader>
  <controlfield tag="001">022776715</controlfield>
  <datafield tag="245" ind1="0" ind2="0">
    <subfield code="a">Getting your research paper published</subfield>
    <subfield code="h">[electronic resource] :</subfield>
    <subfield code="b">a surgical perspective /</subfield>
    <subfield code="c">edited by Mohit Bhandari, Anders Joensson.</subfield>
  </datafield>
  <datafield tag="500" ind1=" " ind2=" ">
    <subfield code="a">Title from Thieme&apos;s title page (viewed Feb. 17, 2011).</subfield>
    <subfield code="5">FTaSU</subfield>
  </datafield>
</record>