

<record xmlns="http://www.loc.gov/MARC21/slim"
xmlns:xsi="http://www.w3.org/2001/XMLSchema-instance"
xsi:schemaLocation="http://www.loc.gov/MARC21/slim
http://www.loc.gov/standards/marcxml/schema/MARC21slim.xsd">
  <leader>     cam  2200433Ia 4500</leader>
  <controlfield tag="001">022590926</controlfield>
  <datafield tag="245" ind1="0" ind2="0">
    <subfield code="a">Quick answers to medical diagnosis and treatment</subfield>
    <subfield code="h">[electronic resource] /</subfield>
    <subfield code="c">[edited by] Maxine A. Papadakis, Stephen J. McPhee and Jennifer Bernstein.</subfield>
  </datafield>
  <datafield tag="500" ind1=" " ind2=" ">
    <subfield code="a">&quot;Content is derived from Current medical diagnosis &amp; treatment (CMDT).&quot;--preface</subfield>
    <subfield code="5">FU</subfield>
  </datafield>
  <datafield tag="500" ind1=" " ind2=" ">
    <subfield code="a">Title from resource title page (AccessMedicine, viewed January 4, 2011)</subfield>
    <subfield code="5">FU</subfield>
  </datafield>
</record>