

<record xmlns="http://www.loc.gov/MARC21/slim"
xmlns:xsi="http://www.w3.org/2001/XMLSchema-instance"
xsi:schemaLocation="http://www.loc.gov/MARC21/slim
http://www.loc.gov/standards/marcxml/schema/MARC21slim.xsd">
  <leader>     cam  2200457Ia 4500</leader>
  <controlfield tag="001">020569094</controlfield>
  <datafield tag="245" ind1="0" ind2="0">
    <subfield code="a">Goodman &amp; Gilman&apos;s The pharmacological basis of therapeutics</subfield>
    <subfield code="h">[electronic resource].</subfield>
  </datafield>
  <datafield tag="500" ind1=" " ind2=" ">
    <subfield code="a">Rev. ed. of: Goodman &amp; Gilman&apos;s the pharmacological basis of therapeutics. 11th ed. / editor, Laurence L. Brunton. c2006.</subfield>
    <subfield code="5">FMFIU</subfield>
    <subfield code="5">FTaSU</subfield>
    <subfield code="5">FTS</subfield>
  </datafield>
  <datafield tag="500" ind1=" " ind2=" ">
    <subfield code="a">Title from title page (viewed July 11, 2011).</subfield>
    <subfield code="5">FTaSU</subfield>
  </datafield>
</record>