

<record xmlns="http://www.loc.gov/MARC21/slim"
xmlns:xsi="http://www.w3.org/2001/XMLSchema-instance"
xsi:schemaLocation="http://www.loc.gov/MARC21/slim
http://www.loc.gov/standards/marcxml/schema/MARC21slim.xsd">
  <leader>     cam  2200469Ma 4500</leader>
  <controlfield tag="001">020163937</controlfield>
  <datafield tag="245" ind1="0" ind2="0">
    <subfield code="a">Greenspan&apos;s basic &amp; clinical endocrinology /</subfield>
    <subfield code="c">edited by David G. Gardner, Dolores Shoback.</subfield>
  </datafield>
  <datafield tag="500" ind1=" " ind2=" ">
    <subfield code="a">Title from resource home page (Access Medicine, viewed July 25, 2011)</subfield>
    <subfield code="5">FU</subfield>
    <subfield code="5">FTS</subfield>
  </datafield>
  <datafield tag="500" ind1=" " ind2=" ">
    <subfield code="a">Title from resource home page (Access Medicine, viewed July 27, 2011)</subfield>
    <subfield code="5">FTaSU</subfield>
  </datafield>
</record>