

<record xmlns="http://www.loc.gov/MARC21/slim"
xmlns:xsi="http://www.w3.org/2001/XMLSchema-instance"
xsi:schemaLocation="http://www.loc.gov/MARC21/slim
http://www.loc.gov/standards/marcxml/schema/MARC21slim.xsd">
  <leader>     cam  2200481Ma 4500</leader>
  <controlfield tag="001">020163262</controlfield>
  <datafield tag="245" ind1="0" ind2="0">
    <subfield code="a">Current diagnosis &amp; treatment</subfield>
    <subfield code="h">[electronic resource] :</subfield>
    <subfield code="b">emergency medicine /</subfield>
    <subfield code="c">edited by C. Keith Stone, Roger Humphries.</subfield>
  </datafield>
  <datafield tag="500" ind1=" " ind2=" ">
    <subfield code="a">&quot;A Lange medical book.&quot;</subfield>
    <subfield code="5">FMFIU</subfield>
    <subfield code="5">FU</subfield>
  </datafield>
  <datafield tag="500" ind1=" " ind2=" ">
    <subfield code="a">Rev. ed. of: Current diagnosis &amp; treatment emergency medicine. 6th ed. c2008.</subfield>
    <subfield code="5">FMFIU</subfield>
    <subfield code="5">FU</subfield>
  </datafield>
  <datafield tag="500" ind1=" " ind2=" ">
    <subfield code="a">Title from AccessMed&apos;s title page (viewed Nov. 9, 2012).</subfield>
    <subfield code="5">FTaSU</subfield>
  </datafield>
</record>