

<record xmlns="http://www.loc.gov/MARC21/slim"
xmlns:xsi="http://www.w3.org/2001/XMLSchema-instance"
xsi:schemaLocation="http://www.loc.gov/MARC21/slim
http://www.loc.gov/standards/marcxml/schema/MARC21slim.xsd">
  <leader>     cam  2200541Ka 4500</leader>
  <controlfield tag="001">020162848</controlfield>
  <datafield tag="245" ind1="0" ind2="0">
    <subfield code="a">Basic radiology</subfield>
    <subfield code="h">[electronic resource] /</subfield>
    <subfield code="c">editors, Michael Y.M. Chen, Thomas L. Pope, David J. Ott.</subfield>
  </datafield>
</record>