

<record xmlns="http://www.loc.gov/MARC21/slim"
xmlns:xsi="http://www.w3.org/2001/XMLSchema-instance"
xsi:schemaLocation="http://www.loc.gov/MARC21/slim
http://www.loc.gov/standards/marcxml/schema/MARC21slim.xsd">
  <leader>     nam  2200433Ka 4500</leader>
  <controlfield tag="001">020159021</controlfield>
  <datafield tag="245" ind1="0" ind2="0">
    <subfield code="a">Hurst&apos;s the heart /</subfield>
    <subfield code="c">editors, Valentin Fuster, Richard A. Walsh, Robert A. Harrington ; associate editors, Sharon A. Hunt ... [et al.].</subfield>
  </datafield>
  <datafield tag="500" ind1=" " ind2=" ">
    <subfield code="a">Description based on print record.</subfield>
    <subfield code="5">FMFIU</subfield>
    <subfield code="5">FU</subfield>
    <subfield code="5">FTS</subfield>
  </datafield>
  <datafield tag="500" ind1=" " ind2=" ">
    <subfield code="a">Title from AMed&apos;s homepage (viewed July 8, 2011).</subfield>
    <subfield code="5">FTaSU</subfield>
  </datafield>
</record>