

<record xmlns="http://www.loc.gov/MARC21/slim"
xmlns:xsi="http://www.w3.org/2001/XMLSchema-instance"
xsi:schemaLocation="http://www.loc.gov/MARC21/slim
http://www.loc.gov/standards/marcxml/schema/MARC21slim.xsd">
  <leader>     cam  2200433Ia 4500</leader>
  <controlfield tag="001">020088540</controlfield>
  <datafield tag="245" ind1="0" ind2="0">
    <subfield code="a">Henry&apos;s clinical diagnosis and management by laboratory methods</subfield>
    <subfield code="h">[electronic resource] /</subfield>
    <subfield code="c">[edited by] Richard A. McPherson, Matthew R. Pincus.</subfield>
  </datafield>
  <datafield tag="500" ind1=" " ind2=" ">
    <subfield code="a">Title from resource home page (viewed August 10, 2011).</subfield>
    <subfield code="5">FMFIU</subfield>
    <subfield code="5">FTS</subfield>
    <subfield code="5">FBoU</subfield>
    <subfield code="5">FU</subfield>
  </datafield>
  <datafield tag="500" ind1=" " ind2=" ">
    <subfield code="a">Rev. ed. of: Henry&apos;s clinical diagnosis and management by laboratory methods / [edited by] Richard A. McPherson, Matthew R. Pincus.</subfield>
    <subfield code="5">FMFIU</subfield>
    <subfield code="5">FTS</subfield>
    <subfield code="5">FBoU</subfield>
    <subfield code="5">FU</subfield>
  </datafield>
  <datafield tag="500" ind1=" " ind2=" ">
    <subfield code="a">Title from resource home page (viewed Nov. 9, 2011).</subfield>
  </datafield>
</record>