

<record xmlns="http://www.loc.gov/MARC21/slim"
xmlns:xsi="http://www.w3.org/2001/XMLSchema-instance"
xsi:schemaLocation="http://www.loc.gov/MARC21/slim
http://www.loc.gov/standards/marcxml/schema/MARC21slim.xsd">
  <leader>     cam  2200457Ii 4500</leader>
  <controlfield tag="001">033782887</controlfield>
  <datafield tag="245" ind1="1" ind2="0">
    <subfield code="a">Roadmap to diversity :</subfield>
    <subfield code="b">integrating holistic review practices into medical school admission processes /</subfield>
    <subfield code="c">written by: Amy N. Addams, Ruth Beer Bletzinger, Henry M. Sondheimer, S. Elizabeth White, Lily May Johnson.</subfield>
  </datafield>
  <datafield tag="500" ind1=" " ind2=" ">
    <subfield code="a">The purpose of the AAMC Holistic Review Project is to develop tools and resources that medical schools can adopt or adapt to create and sustain medical student diversity. The project focuses on the application and admissions process in the context of medical school mission and goals and other institutional efforts that promote diversity (e.g., outreach, recruitment, financial aid, and retention).</subfield>
  </datafield>
</record>