

<record xmlns="http://www.loc.gov/MARC21/slim"
xmlns:xsi="http://www.w3.org/2001/XMLSchema-instance"
xsi:schemaLocation="http://www.loc.gov/MARC21/slim
http://www.loc.gov/standards/marcxml/schema/MARC21slim.xsd">
  <leader>     cas  2200649 a 4500</leader>
  <controlfield tag="001">024598558</controlfield>
  <datafield tag="245" ind1="1" ind2="0">
    <subfield code="a">AJOB neuroscience.</subfield>
  </datafield>
  <datafield tag="500" ind1=" " ind2=" ">
    <subfield code="a">Title from title page of the journal (viewed Oct. 3, 2011).</subfield>
  </datafield>
  <datafield tag="500" ind1=" " ind2=" ">
    <subfield code="a">Title from journal archive screen (Informaworld, viewed on Oct. 15, 2010).</subfield>
    <subfield code="5">FOFT</subfield>
  </datafield>
</record>