

<record xmlns="http://www.loc.gov/MARC21/slim"
xmlns:xsi="http://www.w3.org/2001/XMLSchema-instance"
xsi:schemaLocation="http://www.loc.gov/MARC21/slim
http://www.loc.gov/standards/marcxml/schema/MARC21slim.xsd">
  <leader>     cam  22003014a 4500</leader>
  <controlfield tag="001">029955238</controlfield>
  <datafield tag="245" ind1="1" ind2="4">
    <subfield code="a">The cure :</subfield>
    <subfield code="b">how a father raised $100 million -- and bucked the medical establishment -- in a quest to save his children /</subfield>
    <subfield code="c">Geeta Anand.</subfield>
  </datafield>
</record>