

<record xmlns="http://www.loc.gov/MARC21/slim"
xmlns:xsi="http://www.w3.org/2001/XMLSchema-instance"
xsi:schemaLocation="http://www.loc.gov/MARC21/slim
http://www.loc.gov/standards/marcxml/schema/MARC21slim.xsd">
  <leader>02601cam  2200493Ia 4500</leader>
  <controlfield tag="001">032329296</controlfield>
  <datafield tag="245" ind1="1" ind2="4">
    <subfield code="a">The practical guide to the genetic family history</subfield>
    <subfield code="h">[electronic resource] /</subfield>
    <subfield code="c">Robin L. Bennett.</subfield>
  </datafield>
</record>