

<record xmlns="http://www.loc.gov/MARC21/slim"
xmlns:xsi="http://www.w3.org/2001/XMLSchema-instance"
xsi:schemaLocation="http://www.loc.gov/MARC21/slim
http://www.loc.gov/standards/marcxml/schema/MARC21slim.xsd">
  <leader>02439cam  2200517La 4500</leader>
  <controlfield tag="001">032526766</controlfield>
  <datafield tag="245" ind1="1" ind2="0">
    <subfield code="a">Carpentier&apos;s reconstructive valve surgery</subfield>
    <subfield code="h">[electronic resource] :</subfield>
    <subfield code="b">from valve analysis to valve reconstruction /</subfield>
    <subfield code="c">Alain Carpentier, David H. Adams, Farzan Filsoufi ; illustrations by Alain Carpentier and Marcia Williams.</subfield>
  </datafield>
</record>