

<record xmlns="http://www.loc.gov/MARC21/slim"
xmlns:xsi="http://www.w3.org/2001/XMLSchema-instance"
xsi:schemaLocation="http://www.loc.gov/MARC21/slim
http://www.loc.gov/standards/marcxml/schema/MARC21slim.xsd">
  <leader>     nam  2200409Ii 4500</leader>
  <controlfield tag="001">033226499</controlfield>
  <datafield tag="245" ind1="1" ind2="0">
    <subfield code="a">Lippincott&apos;s illustrated reviews: cell and molecular biology /</subfield>
    <subfield code="c">Nalini Chandar ; Susan Viselli.</subfield>
  </datafield>
  <datafield tag="500" ind1=" " ind2=" ">
    <subfield code="a">Includes index.</subfield>
  </datafield>
</record>