

<record xmlns="http://www.loc.gov/MARC21/slim"
xmlns:xsi="http://www.w3.org/2001/XMLSchema-instance"
xsi:schemaLocation="http://www.loc.gov/MARC21/slim
http://www.loc.gov/standards/marcxml/schema/MARC21slim.xsd">
  <leader>     cam  2200457Ia 4500</leader>
  <controlfield tag="001">027528926</controlfield>
  <datafield tag="245" ind1="1" ind2="0">
    <subfield code="a">Molecular biology</subfield>
    <subfield code="h">[electronic resource] :</subfield>
    <subfield code="b">academic cell update /</subfield>
    <subfield code="c">David Clark.</subfield>
  </datafield>
  <datafield tag="500" ind1=" " ind2=" ">
    <subfield code="a">Description based upon print version of record.</subfield>
    <subfield code="5">FTS</subfield>
  </datafield>
</record>