

<record xmlns="http://www.loc.gov/MARC21/slim"
xmlns:xsi="http://www.w3.org/2001/XMLSchema-instance"
xsi:schemaLocation="http://www.loc.gov/MARC21/slim
http://www.loc.gov/standards/marcxml/schema/MARC21slim.xsd">
  <leader>03007cam  2200625 a 4500</leader>
  <controlfield tag="001">032526506</controlfield>
  <datafield tag="245" ind1="1" ind2="0">
    <subfield code="a">Pocket companion to Brenner &amp; Rector&apos;s the kidney, 8th edition</subfield>
    <subfield code="h">[electronic resource] /</subfield>
    <subfield code="c">Michael R. Clarkson, Ciara N. Magee, Barry M. Brenner.</subfield>
  </datafield>
  <datafield tag="500" ind1=" " ind2=" ">
    <subfield code="a">Companion v. to: Brenner and Rector&apos;s the kidney / [edited by] Barry M. Brenner. 8th ed. c2008.</subfield>
  </datafield>
</record>