

<record xmlns="http://www.loc.gov/MARC21/slim"
xmlns:xsi="http://www.w3.org/2001/XMLSchema-instance"
xsi:schemaLocation="http://www.loc.gov/MARC21/slim
http://www.loc.gov/standards/marcxml/schema/MARC21slim.xsd">
  <leader>02345cam  2200433Ia 4500</leader>
  <controlfield tag="001">032329821</controlfield>
  <datafield tag="245" ind1="1" ind2="0">
    <subfield code="a">Human drug metabolism</subfield>
    <subfield code="h">[electronic resource] :</subfield>
    <subfield code="b">an introduction /</subfield>
    <subfield code="c">Michael D. Coleman.</subfield>
  </datafield>
</record>