

<record xmlns="http://www.loc.gov/MARC21/slim"
xmlns:xsi="http://www.w3.org/2001/XMLSchema-instance"
xsi:schemaLocation="http://www.loc.gov/MARC21/slim
http://www.loc.gov/standards/marcxml/schema/MARC21slim.xsd">
  <leader>04249cam  2200613 a 4500</leader>
  <controlfield tag="001">032526565</controlfield>
  <datafield tag="245" ind1="1" ind2="0">
    <subfield code="a">Fam&apos;s musculoskeletal examination and joint injection techniques</subfield>
    <subfield code="h">[electronic resource] /</subfield>
    <subfield code="c">[edited by] George Lawry ... [et al.].</subfield>
  </datafield>
  <datafield tag="500" ind1=" " ind2=" ">
    <subfield code="a">Rev. ed. of: Musculoskeletal examination and joint injections techniques / Adel G. Fam, George V. Lawry, Hans J. Kreder. c2006.</subfield>
  </datafield>
</record>