

<record xmlns="http://www.loc.gov/MARC21/slim"
xmlns:xsi="http://www.w3.org/2001/XMLSchema-instance"
xsi:schemaLocation="http://www.loc.gov/MARC21/slim
http://www.loc.gov/standards/marcxml/schema/MARC21slim.xsd">
  <leader>     cam  2200553 a 4500</leader>
  <controlfield tag="001">021446405</controlfield>
  <datafield tag="245" ind1="1" ind2="4">
    <subfield code="a">The checklist manifesto :</subfield>
    <subfield code="b">how to get things right /</subfield>
    <subfield code="c">Atul Gawande.</subfield>
  </datafield>
</record>