

<record xmlns="http://www.loc.gov/MARC21/slim"
xmlns:xsi="http://www.w3.org/2001/XMLSchema-instance"
xsi:schemaLocation="http://www.loc.gov/MARC21/slim
http://www.loc.gov/standards/marcxml/schema/MARC21slim.xsd">
  <leader>     nam  22003254a 4500</leader>
  <controlfield tag="001">030772948</controlfield>
  <datafield tag="245" ind1="1" ind2="0">
    <subfield code="a">Clinical neuroanatomy, made ridiculously simple /</subfield>
    <subfield code="c">Stephen Goldberg.</subfield>
  </datafield>
  <datafield tag="500" ind1=" " ind2=" ">
    <subfield code="a">Includes index.</subfield>
  </datafield>
</record>