

<record xmlns="http://www.loc.gov/MARC21/slim"
xmlns:xsi="http://www.w3.org/2001/XMLSchema-instance"
xsi:schemaLocation="http://www.loc.gov/MARC21/slim
http://www.loc.gov/standards/marcxml/schema/MARC21slim.xsd">
  <leader>     nam  22003734a 4500</leader>
  <controlfield tag="001">021846984</controlfield>
  <datafield tag="245" ind1="1" ind2="0">
    <subfield code="a">Clinical dermatology</subfield>
    <subfield code="h">[electronic resource] :</subfield>
    <subfield code="b">a color guide to diagnosis and therapy/</subfield>
    <subfield code="c">Thomas P. Habif.</subfield>
  </datafield>
  <datafield tag="500" ind1=" " ind2=" ">
    <subfield code="a">Title from home page (viewed March 17, 2010).</subfield>
    <subfield code="5">FTS</subfield>
  </datafield>
</record>