

<record xmlns="http://www.loc.gov/MARC21/slim"
xmlns:xsi="http://www.w3.org/2001/XMLSchema-instance"
xsi:schemaLocation="http://www.loc.gov/MARC21/slim
http://www.loc.gov/standards/marcxml/schema/MARC21slim.xsd">
  <leader>     cam  2200445Ia 4500</leader>
  <controlfield tag="001">023595190</controlfield>
  <datafield tag="245" ind1="1" ind2="0">
    <subfield code="a">Sauer&apos;s manual of skin diseases</subfield>
    <subfield code="h">[electronic resource] /</subfield>
    <subfield code="c">Brian J. Hall, John C. Hall ; with 65 contributing authors.</subfield>
  </datafield>
  <datafield tag="500" ind1=" " ind2=" ">
    <subfield code="a">Title from Ovid&apos;s title page (viewed June 13, 2011).</subfield>
    <subfield code="5">FTaSU</subfield>
  </datafield>
</record>