

<record xmlns="http://www.loc.gov/MARC21/slim"
xmlns:xsi="http://www.w3.org/2001/XMLSchema-instance"
xsi:schemaLocation="http://www.loc.gov/MARC21/slim
http://www.loc.gov/standards/marcxml/schema/MARC21slim.xsd">
  <leader>04587cam  22006734a 4500</leader>
  <controlfield tag="001">032526551</controlfield>
  <datafield tag="245" ind1="1" ind2="0">
    <subfield code="a">Fluid, electrolyte, and acid-base physiology</subfield>
    <subfield code="h">[electronic resource] :</subfield>
    <subfield code="b">a problem-based approach /</subfield>
    <subfield code="c">Mitchell L. Halperin, Kamel S. Kamel, Marc B. Goldstein.</subfield>
  </datafield>
</record>