

<record xmlns="http://www.loc.gov/MARC21/slim"
xmlns:xsi="http://www.w3.org/2001/XMLSchema-instance"
xsi:schemaLocation="http://www.loc.gov/MARC21/slim
http://www.loc.gov/standards/marcxml/schema/MARC21slim.xsd">
  <leader>     cam a2200685Ia 4500</leader>
  <controlfield tag="001">025458160</controlfield>
  <datafield tag="245" ind1="1" ind2="0">
    <subfield code="a">Physician assistants :</subfield>
    <subfield code="b">policy and practice /</subfield>
    <subfield code="c">Roderick S. Hooker, James F. Cawley, David P. Asprey.</subfield>
  </datafield>
  <datafield tag="500" ind1=" " ind2=" ">
    <subfield code="a">Rev. ed. of: Physician assistants in American medicine / Roderick S. Hooker, James F. Cawley. 2nd ed. c2003.</subfield>
    <subfield code="5">FTS</subfield>
    <subfield code="5">FPeU</subfield>
    <subfield code="5">FTaFA</subfield>
    <subfield code="5">FOFT</subfield>
  </datafield>
  <datafield tag="500" ind1=" " ind2=" ">
    <subfield code="a">Description based on print version record.</subfield>
    <subfield code="5">FTS</subfield>
    <subfield code="5">FPeU</subfield>
    <subfield code="5">FTaFA</subfield>
    <subfield code="5">FOFT</subfield>
  </datafield>
  <datafield tag="500" ind1=" " ind2=" ">
    <subfield code="a">Revised edition of: Physician assistants in American medicine / Roderick S. Hooker, James F. Cawley. 2nd ed. c2003.</subfield>
  </datafield>
</record>