

<record xmlns="http://www.loc.gov/MARC21/slim"
xmlns:xsi="http://www.w3.org/2001/XMLSchema-instance"
xsi:schemaLocation="http://www.loc.gov/MARC21/slim
http://www.loc.gov/standards/marcxml/schema/MARC21slim.xsd">
  <leader>02032cam  2200493La 4500</leader>
  <controlfield tag="001">032526654</controlfield>
  <datafield tag="245" ind1="1" ind2="0">
    <subfield code="a">Signs in ophthalmology</subfield>
    <subfield code="h">[electronic resource] :</subfield>
    <subfield code="b">causes and differential diagnosis /</subfield>
    <subfield code="c">Jack J. Kanski.</subfield>
  </datafield>
  <datafield tag="500" ind1=" " ind2=" ">
    <subfield code="a">Includes index.</subfield>
  </datafield>
</record>