

<record xmlns="http://www.loc.gov/MARC21/slim"
xmlns:xsi="http://www.w3.org/2001/XMLSchema-instance"
xsi:schemaLocation="http://www.loc.gov/MARC21/slim
http://www.loc.gov/standards/marcxml/schema/MARC21slim.xsd">
  <leader>06415cam  2200493Ia 4500</leader>
  <controlfield tag="001">032526530</controlfield>
  <datafield tag="245" ind1="1" ind2="0">
    <subfield code="a">Manual of pediatric hematology and oncology</subfield>
    <subfield code="h">[electronic resource] /</subfield>
    <subfield code="c">Philip Lanzkowsky.</subfield>
  </datafield>
  <datafield tag="500" ind1=" " ind2=" ">
    <subfield code="a">Previous ed.: 2005.</subfield>
  </datafield>
</record>