

<record xmlns="http://www.loc.gov/MARC21/slim"
xmlns:xsi="http://www.w3.org/2001/XMLSchema-instance"
xsi:schemaLocation="http://www.loc.gov/MARC21/slim
http://www.loc.gov/standards/marcxml/schema/MARC21slim.xsd">
  <leader>01457cam  2200373Ia 4500</leader>
  <controlfield tag="001">024529312</controlfield>
  <datafield tag="245" ind1="1" ind2="0">
    <subfield code="a">First aid cases for the USMLE step 2 CK</subfield>
    <subfield code="h">[electronic resource] /</subfield>
    <subfield code="c">Tao Le.</subfield>
  </datafield>
  <datafield tag="500" ind1=" " ind2=" ">
    <subfield code="a">Previous ed.: 2007.</subfield>
    <subfield code="5">FTS</subfield>
    <subfield code="5">FPeU</subfield>
    <subfield code="5">FTaFA</subfield>
    <subfield code="5">FOFT</subfield>
  </datafield>
  <datafield tag="500" ind1=" " ind2=" ">
    <subfield code="a">Includes index.</subfield>
    <subfield code="5">FTS</subfield>
    <subfield code="5">FPeU</subfield>
    <subfield code="5">FTaFA</subfield>
    <subfield code="5">FOFT</subfield>
  </datafield>
  <datafield tag="500" ind1=" " ind2=" ">
    <subfield code="a">Description based on print version record.</subfield>
    <subfield code="5">FTS</subfield>
    <subfield code="5">FPeU</subfield>
    <subfield code="5">FTaFA</subfield>
    <subfield code="5">FOFT</subfield>
  </datafield>
</record>