

<record xmlns="http://www.loc.gov/MARC21/slim"
xmlns:xsi="http://www.w3.org/2001/XMLSchema-instance"
xsi:schemaLocation="http://www.loc.gov/MARC21/slim
http://www.loc.gov/standards/marcxml/schema/MARC21slim.xsd">
  <leader>     cam  22004454a 4500</leader>
  <controlfield tag="001">032558992</controlfield>
  <datafield tag="245" ind1="1" ind2="0">
    <subfield code="a">Manual of pediatric anesthesia</subfield>
    <subfield code="h">[electronic resource] :</subfield>
    <subfield code="b">with an index of pediatric syndromes /</subfield>
    <subfield code="c">Jerrold Lerman, Charles J. Coté, David J. Steward.</subfield>
  </datafield>
  <datafield tag="500" ind1=" " ind2=" ">
    <subfield code="a">Rev. ed. of: Manual of pediatric anesthesia / David J. Steward, Jerrold Lerman. 5th. c2001.</subfield>
  </datafield>
</record>