

<record xmlns="http://www.loc.gov/MARC21/slim"
xmlns:xsi="http://www.w3.org/2001/XMLSchema-instance"
xsi:schemaLocation="http://www.loc.gov/MARC21/slim
http://www.loc.gov/standards/marcxml/schema/MARC21slim.xsd">
  <leader>03104cam  2200565Ka 4500</leader>
  <controlfield tag="001">032526527</controlfield>
  <datafield tag="245" ind1="1" ind2="0">
    <subfield code="a">Neuro-ophthalmology</subfield>
    <subfield code="h">[electronic resource] :</subfield>
    <subfield code="b">diagnosis and management /</subfield>
    <subfield code="c">Grant T. Liu, Nicholas J. Volpe, Steven L. Galetta.</subfield>
  </datafield>
  <datafield tag="500" ind1=" " ind2=" ">
    <subfield code="a">Previous ed.: 2001.</subfield>
  </datafield>
</record>