

<record xmlns="http://www.loc.gov/MARC21/slim"
xmlns:xsi="http://www.w3.org/2001/XMLSchema-instance"
xsi:schemaLocation="http://www.loc.gov/MARC21/slim
http://www.loc.gov/standards/marcxml/schema/MARC21slim.xsd">
  <leader>02617cam  22004934a 4500</leader>
  <controlfield tag="001">032526934</controlfield>
  <datafield tag="245" ind1="1" ind2="0">
    <subfield code="a">McMinn&apos;s color atlas of head and neck anatomy</subfield>
    <subfield code="h">[electronic resource].</subfield>
  </datafield>
  <datafield tag="500" ind1=" " ind2=" ">
    <subfield code="a">Includes index.</subfield>
  </datafield>
  <datafield tag="500" ind1=" " ind2=" ">
    <subfield code="a">Rev. ed. of: McMinn&apos;s color atlas of head and neck anatomy. 3rd ed. / Bari M. Logan, Patricia A. Reynolds, Ralph T. Hutchings. 2004.</subfield>
  </datafield>
</record>