

<record xmlns="http://www.loc.gov/MARC21/slim"
xmlns:xsi="http://www.w3.org/2001/XMLSchema-instance"
xsi:schemaLocation="http://www.loc.gov/MARC21/slim
http://www.loc.gov/standards/marcxml/schema/MARC21slim.xsd">
  <leader>04862cam  2200517Ka 4500</leader>
  <controlfield tag="001">032526563</controlfield>
  <datafield tag="245" ind1="1" ind2="0">
    <subfield code="a">Sedation</subfield>
    <subfield code="h">[electronic resource] :</subfield>
    <subfield code="b">a guide to patient management /</subfield>
    <subfield code="c">Stanley F. Malamed.</subfield>
  </datafield>
</record>