

<record xmlns="http://www.loc.gov/MARC21/slim"
xmlns:xsi="http://www.w3.org/2001/XMLSchema-instance"
xsi:schemaLocation="http://www.loc.gov/MARC21/slim
http://www.loc.gov/standards/marcxml/schema/MARC21slim.xsd">
  <leader>04452cam  2200589Ka 4500</leader>
  <controlfield tag="001">032526520</controlfield>
  <datafield tag="245" ind1="1" ind2="0">
    <subfield code="a">Thoracic radiology</subfield>
    <subfield code="h">[electronic resource] :</subfield>
    <subfield code="b">the requisites /</subfield>
    <subfield code="c">Theresa C. McLoud, Phillip M. Boiselle.</subfield>
  </datafield>
</record>