

<record xmlns="http://www.loc.gov/MARC21/slim"
xmlns:xsi="http://www.w3.org/2001/XMLSchema-instance"
xsi:schemaLocation="http://www.loc.gov/MARC21/slim
http://www.loc.gov/standards/marcxml/schema/MARC21slim.xsd">
  <leader>02278cam  2200601Ia 4500</leader>
  <controlfield tag="001">032526663</controlfield>
  <datafield tag="245" ind1="1" ind2="4">
    <subfield code="a">The teaching files</subfield>
    <subfield code="h">[electronic resource] :</subfield>
    <subfield code="b">pediatrics /</subfield>
    <subfield code="c">Sarah Sarvis Milla, Sarah D. Bixby.</subfield>
  </datafield>
  <datafield tag="500" ind1=" " ind2=" ">
    <subfield code="a">&quot;Expert Consult.&quot;--Cover.</subfield>
  </datafield>
</record>