

<record xmlns="http://www.loc.gov/MARC21/slim"
xmlns:xsi="http://www.w3.org/2001/XMLSchema-instance"
xsi:schemaLocation="http://www.loc.gov/MARC21/slim
http://www.loc.gov/standards/marcxml/schema/MARC21slim.xsd">
  <leader>02237cam  2200517Ii 4500</leader>
  <controlfield tag="001">032526976</controlfield>
  <datafield tag="245" ind1="1" ind2="4">
    <subfield code="a">The teaching files.</subfield>
    <subfield code="p">Gastrointestinal /</subfield>
    <subfield code="c">[edited by] Frank H. Miller, Stephen E. Rubesin.</subfield>
  </datafield>
  <datafield tag="500" ind1=" " ind2=" ">
    <subfield code="a">&quot;Expert consult&quot;--Cover.</subfield>
  </datafield>
</record>