

<record xmlns="http://www.loc.gov/MARC21/slim"
xmlns:xsi="http://www.w3.org/2001/XMLSchema-instance"
xsi:schemaLocation="http://www.loc.gov/MARC21/slim
http://www.loc.gov/standards/marcxml/schema/MARC21slim.xsd">
  <leader>02397cam  2200505La 4500</leader>
  <controlfield tag="001">032526656</controlfield>
  <datafield tag="245" ind1="1" ind2="0">
    <subfield code="a">Primer of arthroscopy</subfield>
    <subfield code="h">[electronic resource] /</subfield>
    <subfield code="c">Mark D. Miller, A. Bobby Chhabra, Marc R. Safran.</subfield>
  </datafield>
</record>