

<record xmlns="http://www.loc.gov/MARC21/slim"
xmlns:xsi="http://www.w3.org/2001/XMLSchema-instance"
xsi:schemaLocation="http://www.loc.gov/MARC21/slim
http://www.loc.gov/standards/marcxml/schema/MARC21slim.xsd">
  <leader>     cam  2200349Ia 4500</leader>
  <controlfield tag="001">023923096</controlfield>
  <datafield tag="245" ind1="1" ind2="0">
    <subfield code="a">Current procedures</subfield>
    <subfield code="h">[electronic resource]:</subfield>
    <subfield code="b">surgery /</subfield>
    <subfield code="c">Rebecca M. Minter, Gerard M. Doherty.</subfield>
  </datafield>
  <datafield tag="500" ind1=" " ind2=" ">
    <subfield code="a">&quot;A Lange medical book.&quot;</subfield>
    <subfield code="5">FMFIU</subfield>
    <subfield code="5">FTS</subfield>
  </datafield>
  <datafield tag="500" ind1=" " ind2=" ">
    <subfield code="a">Description based on print version record</subfield>
    <subfield code="5">FMFIU</subfield>
    <subfield code="5">FTS</subfield>
  </datafield>
</record>