

<record xmlns="http://www.loc.gov/MARC21/slim"
xmlns:xsi="http://www.w3.org/2001/XMLSchema-instance"
xsi:schemaLocation="http://www.loc.gov/MARC21/slim
http://www.loc.gov/standards/marcxml/schema/MARC21slim.xsd">
  <leader>     cam  2200361Ia 4500</leader>
  <controlfield tag="001">028831105</controlfield>
  <datafield tag="245" ind1="1" ind2="0">
    <subfield code="a">Cardiovascular physiology</subfield>
    <subfield code="h">[electronic resource] /</subfield>
    <subfield code="c">David E. Mohrman, Lois Jane Heller.</subfield>
  </datafield>
  <datafield tag="500" ind1=" " ind2=" ">
    <subfield code="a">Title from electronic title screen (viewed December 30, 2010).</subfield>
    <subfield code="5">FTS</subfield>
  </datafield>
</record>