

<record xmlns="http://www.loc.gov/MARC21/slim"
xmlns:xsi="http://www.w3.org/2001/XMLSchema-instance"
xsi:schemaLocation="http://www.loc.gov/MARC21/slim
http://www.loc.gov/standards/marcxml/schema/MARC21slim.xsd">
  <leader>     nam a22     4a 4500</leader>
  <controlfield tag="001">024220147</controlfield>
  <datafield tag="245" ind1="1" ind2="0">
    <subfield code="a">MRI parameters and positioning</subfield>
    <subfield code="h">[electronic resource]/</subfield>
    <subfield code="c">Torsten B. Moeller, Emil Reif.</subfield>
  </datafield>
  <datafield tag="500" ind1=" " ind2=" ">
    <subfield code="a">Title from Thieme&apos;s title page (viewed July 12, 2011).</subfield>
    <subfield code="5">FTaSU</subfield>
  </datafield>
</record>