

<record xmlns="http://www.loc.gov/MARC21/slim"
xmlns:xsi="http://www.w3.org/2001/XMLSchema-instance"
xsi:schemaLocation="http://www.loc.gov/MARC21/slim
http://www.loc.gov/standards/marcxml/schema/MARC21slim.xsd">
  <leader>01865nam  2200457 a 4500</leader>
  <controlfield tag="001">022776868</controlfield>
  <datafield tag="245" ind1="1" ind2="0">
    <subfield code="a">MRI parameters and positioning</subfield>
    <subfield code="h">[electronic resource] /</subfield>
    <subfield code="c">Torsten B. Moeller, Emil Reif.</subfield>
  </datafield>
  <datafield tag="500" ind1=" " ind2=" ">
    <subfield code="a">Rev. and enl. translation of the 2nd German ed. entitled as MRT-Einstelltechnik, published 2003.</subfield>
    <subfield code="5">FTaSU</subfield>
    <subfield code="5">FBoU</subfield>
  </datafield>
  <datafield tag="500" ind1=" " ind2=" ">
    <subfield code="a">Made available through: Thieme ElectronicBook Library.</subfield>
    <subfield code="5">FBoU</subfield>
  </datafield>
  <datafield tag="500" ind1=" " ind2=" ">
    <subfield code="a">Title from Thieme&apos;s title page (viewed Feb. 17, 2011).</subfield>
    <subfield code="5">FTaSU</subfield>
  </datafield>
</record>