

<record xmlns="http://www.loc.gov/MARC21/slim"
xmlns:xsi="http://www.w3.org/2001/XMLSchema-instance"
xsi:schemaLocation="http://www.loc.gov/MARC21/slim
http://www.loc.gov/standards/marcxml/schema/MARC21slim.xsd">
  <leader>04130cam  2200577Ia 4500</leader>
  <controlfield tag="001">032526518</controlfield>
  <datafield tag="245" ind1="1" ind2="0">
    <subfield code="a">Tumors and tumor-like conditions of the lung and pleura</subfield>
    <subfield code="h">[electronic resource] /</subfield>
    <subfield code="c">Cesar A. Moran, Saul Suster.</subfield>
  </datafield>
  <datafield tag="500" ind1=" " ind2=" ">
    <subfield code="a">&quot;Expert consult&quot;--Cover.</subfield>
  </datafield>
</record>