

<record xmlns="http://www.loc.gov/MARC21/slim"
xmlns:xsi="http://www.w3.org/2001/XMLSchema-instance"
xsi:schemaLocation="http://www.loc.gov/MARC21/slim
http://www.loc.gov/standards/marcxml/schema/MARC21slim.xsd">
  <leader>     cam  2200433Ia 4500</leader>
  <controlfield tag="001">021179521</controlfield>
  <datafield tag="245" ind1="1" ind2="0">
    <subfield code="a">Reconstructive foot and ankle surgery</subfield>
    <subfield code="h">[electronic resource] :</subfield>
    <subfield code="b">management of complications /</subfield>
    <subfield code="c">Mark S. Myerson.</subfield>
  </datafield>
  <datafield tag="500" ind1=" " ind2=" ">
    <subfield code="a">Description based on print version record.</subfield>
    <subfield code="5">FMFIU</subfield>
  </datafield>
  <datafield tag="500" ind1=" " ind2=" ">
    <subfield code="a">Previous ed.: Philadelphia, Pa.; Edinburgh: Elsevier Saunders, 2005.</subfield>
    <subfield code="5">FMFIU</subfield>
  </datafield>
</record>