

<record xmlns="http://www.loc.gov/MARC21/slim"
xmlns:xsi="http://www.w3.org/2001/XMLSchema-instance"
xsi:schemaLocation="http://www.loc.gov/MARC21/slim
http://www.loc.gov/standards/marcxml/schema/MARC21slim.xsd">
  <leader>05169cam  2200649Ka 4500</leader>
  <controlfield tag="001">032526569</controlfield>
  <datafield tag="245" ind1="1" ind2="0">
    <subfield code="a">Uveitis</subfield>
    <subfield code="h">[electronic resource] :</subfield>
    <subfield code="b">fundamentals and clinical practice /</subfield>
    <subfield code="c">Robert B. Nussenblatt, Scott M. Whitcup.</subfield>
  </datafield>
  <datafield tag="500" ind1=" " ind2=" ">
    <subfield code="a">&quot;Expert consult&quot;--Cover.</subfield>
  </datafield>
  <datafield tag="500" ind1=" " ind2=" ">
    <subfield code="a">Previous ed.: 2004.</subfield>
  </datafield>
</record>