

<record xmlns="http://www.loc.gov/MARC21/slim"
xmlns:xsi="http://www.w3.org/2001/XMLSchema-instance"
xsi:schemaLocation="http://www.loc.gov/MARC21/slim
http://www.loc.gov/standards/marcxml/schema/MARC21slim.xsd">
  <leader>01722cam  2200397Ka 4500</leader>
  <controlfield tag="001">032526977</controlfield>
  <datafield tag="245" ind1="1" ind2="4">
    <subfield code="a">The teaching files.</subfield>
    <subfield code="p">Musculoskeletal</subfield>
    <subfield code="h">[electronic resource] /</subfield>
    <subfield code="c">Hugue A. Ouellette.</subfield>
  </datafield>
</record>