

<record xmlns="http://www.loc.gov/MARC21/slim"
xmlns:xsi="http://www.w3.org/2001/XMLSchema-instance"
xsi:schemaLocation="http://www.loc.gov/MARC21/slim
http://www.loc.gov/standards/marcxml/schema/MARC21slim.xsd">
  <leader>     cam  2200421Ii 4500</leader>
  <controlfield tag="001">031786786</controlfield>
  <datafield tag="245" ind1="1" ind2="0">
    <subfield code="a">Histology &amp; cell biology :</subfield>
    <subfield code="b">examination &amp; board review /</subfield>
    <subfield code="c">Douglas F. Paulsen.</subfield>
  </datafield>
</record>