

<record xmlns="http://www.loc.gov/MARC21/slim"
xmlns:xsi="http://www.w3.org/2001/XMLSchema-instance"
xsi:schemaLocation="http://www.loc.gov/MARC21/slim
http://www.loc.gov/standards/marcxml/schema/MARC21slim.xsd">
  <leader>05051cam  2200637Ia 4500</leader>
  <controlfield tag="001">032526410</controlfield>
  <datafield tag="245" ind1="1" ind2="0">
    <subfield code="a">CT colonography</subfield>
    <subfield code="h">[electronic resource] :</subfield>
    <subfield code="b">principles and practice of virtual colonoscopy /</subfield>
    <subfield code="c">Perry J. Pickhardt, David H. Kim.</subfield>
  </datafield>
</record>