

<record xmlns="http://www.loc.gov/MARC21/slim"
xmlns:xsi="http://www.w3.org/2001/XMLSchema-instance"
xsi:schemaLocation="http://www.loc.gov/MARC21/slim
http://www.loc.gov/standards/marcxml/schema/MARC21slim.xsd">
  <leader>01528cam  2200433Ka 4500</leader>
  <controlfield tag="001">032526694</controlfield>
  <datafield tag="245" ind1="1" ind2="0">
    <subfield code="a">Operative techniques</subfield>
    <subfield code="h">[electronic resource] :</subfield>
    <subfield code="b">sports medicine surgery /</subfield>
    <subfield code="c">Bruce Reider, Michael A. Terry, Matthew T. Provencher.</subfield>
  </datafield>
</record>