

<record xmlns="http://www.loc.gov/MARC21/slim"
xmlns:xsi="http://www.w3.org/2001/XMLSchema-instance"
xsi:schemaLocation="http://www.loc.gov/MARC21/slim
http://www.loc.gov/standards/marcxml/schema/MARC21slim.xsd">
  <leader>01789nam  22004218a 4500</leader>
  <controlfield tag="001">026890870</controlfield>
  <datafield tag="245" ind1="1" ind2="0">
    <subfield code="a">Kaplan &amp; Sadock&apos;s pocket handbook of clinical psychiatry</subfield>
    <subfield code="h">[electronic resource] /</subfield>
    <subfield code="c">Benjamin J. Sadock, Virginia A. Sadock.</subfield>
  </datafield>
  <datafield tag="500" ind1=" " ind2=" ">
    <subfield code="a">Companion v. to: Kaplan &amp; Sadock&apos;s comprehensive textbook of psychiatry / editors, Benjamin J. Sadock, Virginia A. Sadock. 9th ed. c2009.</subfield>
    <subfield code="5">FTaFA</subfield>
  </datafield>
</record>