

<record xmlns="http://www.loc.gov/MARC21/slim"
xmlns:xsi="http://www.w3.org/2001/XMLSchema-instance"
xsi:schemaLocation="http://www.loc.gov/MARC21/slim
http://www.loc.gov/standards/marcxml/schema/MARC21slim.xsd">
  <leader>     cam  2200541Ii 4500</leader>
  <controlfield tag="001">034023037</controlfield>
  <datafield tag="245" ind1="1" ind2="0">
    <subfield code="a">Study guide to child and adolescent psychiatry :</subfield>
    <subfield code="b">a companion to Dulcan&apos;s textbook of child and adolescent psychiatry /</subfield>
    <subfield code="c">Hong Shen, Robert E. Hales, Narriman C. Shahrokh.</subfield>
  </datafield>
</record>