

<record xmlns="http://www.loc.gov/MARC21/slim"
xmlns:xsi="http://www.w3.org/2001/XMLSchema-instance"
xsi:schemaLocation="http://www.loc.gov/MARC21/slim
http://www.loc.gov/standards/marcxml/schema/MARC21slim.xsd">
  <leader>03079cam  22005654a 4500</leader>
  <controlfield tag="001">032526975</controlfield>
  <datafield tag="245" ind1="1" ind2="4">
    <subfield code="a">The teaching files.</subfield>
    <subfield code="p">Chest</subfield>
    <subfield code="h">[electronic resource] /</subfield>
    <subfield code="c">C. Isabela S. Silva, Nestor L. Müller.</subfield>
  </datafield>
</record>