

<record xmlns="http://www.loc.gov/MARC21/slim"
xmlns:xsi="http://www.w3.org/2001/XMLSchema-instance"
xsi:schemaLocation="http://www.loc.gov/MARC21/slim
http://www.loc.gov/standards/marcxml/schema/MARC21slim.xsd">
  <leader>     cam  2200397Ii 4500</leader>
  <controlfield tag="001">033914721</controlfield>
  <datafield tag="245" ind1="1" ind2="0">
    <subfield code="a">Study guide to forensic psychiatry :</subfield>
    <subfield code="b">a companion to the American Psychiatric Publishing textbook of forensic psychiatry, second edition /</subfield>
    <subfield code="c">Robert I. Simon, Robert E. Hales.</subfield>
  </datafield>
</record>