

<record xmlns="http://www.loc.gov/MARC21/slim"
xmlns:xsi="http://www.w3.org/2001/XMLSchema-instance"
xsi:schemaLocation="http://www.loc.gov/MARC21/slim
http://www.loc.gov/standards/marcxml/schema/MARC21slim.xsd">
  <leader>     cam  2200601Ka 4500</leader>
  <controlfield tag="001">032443349</controlfield>
  <datafield tag="245" ind1="1" ind2="0">
    <subfield code="a">Netter&apos;s concise orthopaedic anatomy</subfield>
    <subfield code="h">[electronic resource] /</subfield>
    <subfield code="c">Jon C. Thompson ; illustrations by Frank H. Netter ; contributing illustrators, Carlos A.G. Machado, John A. Craig.</subfield>
  </datafield>
  <datafield tag="500" ind1=" " ind2=" ">
    <subfield code="a">Rev. ed. of: Netter&apos;s concise atlas of orthopaedic anatomy / Jon C. Thompson. 1st ed. c2002.</subfield>
  </datafield>
</record>