

<record xmlns="http://www.loc.gov/MARC21/slim"
xmlns:xsi="http://www.w3.org/2001/XMLSchema-instance"
xsi:schemaLocation="http://www.loc.gov/MARC21/slim
http://www.loc.gov/standards/marcxml/schema/MARC21slim.xsd">
  <leader>02208cam  2200481La 4500</leader>
  <controlfield tag="001">032526657</controlfield>
  <datafield tag="245" ind1="1" ind2="0">
    <subfield code="a">Essential applications of musculoskeletal ultrasound in rheumatology</subfield>
    <subfield code="h">[electronic resource] /</subfield>
    <subfield code="c">Richard J. Wakefield, Maria Antonietta D&apos;Agostino.</subfield>
  </datafield>
  <datafield tag="500" ind1=" " ind2=" ">
    <subfield code="a">&quot;Expert consult premium.&quot;</subfield>
  </datafield>
</record>