

<record xmlns="http://www.loc.gov/MARC21/slim"
xmlns:xsi="http://www.w3.org/2001/XMLSchema-instance"
xsi:schemaLocation="http://www.loc.gov/MARC21/slim
http://www.loc.gov/standards/marcxml/schema/MARC21slim.xsd">
  <leader>09934cam  2200649 a 4500</leader>
  <controlfield tag="001">032526620</controlfield>
  <datafield tag="245" ind1="1" ind2="0">
    <subfield code="a">Imaging of pain</subfield>
    <subfield code="h">[electronic resource] /</subfield>
    <subfield code="c">Steven D. Waldman, Robert S.D. Campbell.</subfield>
  </datafield>
  <datafield tag="500" ind1=" " ind2=" ">
    <subfield code="a">Includes activation code for online access.</subfield>
  </datafield>
</record>