

<record xmlns="http://www.loc.gov/MARC21/slim"
xmlns:xsi="http://www.w3.org/2001/XMLSchema-instance"
xsi:schemaLocation="http://www.loc.gov/MARC21/slim
http://www.loc.gov/standards/marcxml/schema/MARC21slim.xsd">
  <leader>     cam  2200421Ka 4500</leader>
  <controlfield tag="001">032557637</controlfield>
  <datafield tag="245" ind1="1" ind2="0">
    <subfield code="a">Hysterectomy for benign disease</subfield>
    <subfield code="h">[electronic resource] /</subfield>
    <subfield code="c">Mark D. Walters, Matthew D. Barber ; illustrated by Joe Chovan.</subfield>
  </datafield>
</record>