

<record xmlns="http://www.loc.gov/MARC21/slim"
xmlns:xsi="http://www.w3.org/2001/XMLSchema-instance"
xsi:schemaLocation="http://www.loc.gov/MARC21/slim
http://www.loc.gov/standards/marcxml/schema/MARC21slim.xsd">
  <leader>02224cam  2200541La 4500</leader>
  <controlfield tag="001">032526677</controlfield>
  <datafield tag="245" ind1="1" ind2="0">
    <subfield code="a">Visual guide to musculoskeletal tumors</subfield>
    <subfield code="h">[electronic resource] :</subfield>
    <subfield code="b">a clinical, radiologic, histologic approach /</subfield>
    <subfield code="c">Felasfa M. Wodajo, Francis H. Gannon, Mark D. Murphey.</subfield>
  </datafield>
  <datafield tag="500" ind1=" " ind2=" ">
    <subfield code="a">Includes index.</subfield>
  </datafield>
  <datafield tag="500" ind1=" " ind2=" ">
    <subfield code="a">&quot;Expert consult premium.&quot;</subfield>
  </datafield>
</record>