

<record xmlns="http://www.loc.gov/MARC21/slim"
xmlns:xsi="http://www.w3.org/2001/XMLSchema-instance"
xsi:schemaLocation="http://www.loc.gov/MARC21/slim
http://www.loc.gov/standards/marcxml/schema/MARC21slim.xsd">
  <leader>     cam  2200505Ii 4500</leader>
  <controlfield tag="001">033529319</controlfield>
  <datafield tag="245" ind1="0" ind2="0">
    <subfield code="a">Basic, advanced, and robotic laparoscopic surgery /</subfield>
    <subfield code="c">[edited by] Tommaso Falcone, Jeffrey M. Goldberg ; illustrated by Joe Chovan.</subfield>
  </datafield>
  <datafield tag="500" ind1=" " ind2=" ">
    <subfield code="a">Some electronic versions may not include accompanying materials.</subfield>
  </datafield>
  <datafield tag="500" ind1=" " ind2=" ">
    <subfield code="a">Some electronic versions may not include accompanying materials.</subfield>
  </datafield>
  <datafield tag="500" ind1=" " ind2=" ">
    <subfield code="a">Some electronic versions may not include accompanying materials.</subfield>
  </datafield>
</record>