

<record xmlns="http://www.loc.gov/MARC21/slim"
xmlns:xsi="http://www.w3.org/2001/XMLSchema-instance"
xsi:schemaLocation="http://www.loc.gov/MARC21/slim
http://www.loc.gov/standards/marcxml/schema/MARC21slim.xsd">
  <leader>04347cam  2200481Ka 4500</leader>
  <controlfield tag="001">032832096</controlfield>
  <datafield tag="245" ind1="0" ind2="0">
    <subfield code="a">Arthritis &amp; arthroplasty.</subfield>
    <subfield code="p">The foot and ankle</subfield>
    <subfield code="h">[electronic resource] /</subfield>
    <subfield code="c">edited by J. Chris Coetzee, Shepard R. Hurwitz.</subfield>
  </datafield>
</record>