

<record xmlns="http://www.loc.gov/MARC21/slim"
xmlns:xsi="http://www.w3.org/2001/XMLSchema-instance"
xsi:schemaLocation="http://www.loc.gov/MARC21/slim
http://www.loc.gov/standards/marcxml/schema/MARC21slim.xsd">
  <leader>     nam  2200385Ii 4500</leader>
  <controlfield tag="001">032572384</controlfield>
  <datafield tag="245" ind1="0" ind2="0">
    <subfield code="a">Fundamentals of medical physiology /</subfield>
    <subfield code="c">edited by Joel Michael ; based on the work of Sabyasachi Sircar.</subfield>
  </datafield>
</record>