

<record xmlns="http://www.loc.gov/MARC21/slim"
xmlns:xsi="http://www.w3.org/2001/XMLSchema-instance"
xsi:schemaLocation="http://www.loc.gov/MARC21/slim
http://www.loc.gov/standards/marcxml/schema/MARC21slim.xsd">
  <leader>     cam  22004094a 4500</leader>
  <controlfield tag="001">032563810</controlfield>
  <datafield tag="245" ind1="0" ind2="0">
    <subfield code="a">Urologic surgery for the gynecologist and urogynecologist</subfield>
    <subfield code="h">[electronic resource] :</subfield>
    <subfield code="b">female pelvic surgery /</subfield>
    <subfield code="c">[edited by] John B. Gebhart ; illustrated by Joe Chovan.</subfield>
  </datafield>
  <datafield tag="500" ind1=" " ind2=" ">
    <subfield code="a">Includes index.</subfield>
  </datafield>
</record>