

<record xmlns="http://www.loc.gov/MARC21/slim"
xmlns:xsi="http://www.w3.org/2001/XMLSchema-instance"
xsi:schemaLocation="http://www.loc.gov/MARC21/slim
http://www.loc.gov/standards/marcxml/schema/MARC21slim.xsd">
  <leader>     cam  22003854a 4500</leader>
  <controlfield tag="001">032557607</controlfield>
  <datafield tag="245" ind1="0" ind2="0">
    <subfield code="a">High-yield imaging</subfield>
    <subfield code="h">[electronic resource] :</subfield>
    <subfield code="b">interventional /</subfield>
    <subfield code="c">editors, Charles T. Burke ... [et al.].</subfield>
  </datafield>
  <datafield tag="500" ind1=" " ind2=" ">
    <subfield code="a">&quot;Expert consult&quot;--Cover.</subfield>
  </datafield>
</record>