

<record xmlns="http://www.loc.gov/MARC21/slim"
xmlns:xsi="http://www.w3.org/2001/XMLSchema-instance"
xsi:schemaLocation="http://www.loc.gov/MARC21/slim
http://www.loc.gov/standards/marcxml/schema/MARC21slim.xsd">
  <leader>     cam  22003854a 4500</leader>
  <controlfield tag="001">032555510</controlfield>
  <datafield tag="245" ind1="0" ind2="0">
    <subfield code="a">High-yield imaging.</subfield>
    <subfield code="p">Chest</subfield>
    <subfield code="h">[electronic resource] /</subfield>
    <subfield code="c">editors, Nestor L. Müller, C. Isabela S. Silva.</subfield>
  </datafield>
</record>