

<record xmlns="http://www.loc.gov/MARC21/slim"
xmlns:xsi="http://www.w3.org/2001/XMLSchema-instance"
xsi:schemaLocation="http://www.loc.gov/MARC21/slim
http://www.loc.gov/standards/marcxml/schema/MARC21slim.xsd">
  <leader>     cam  2200349Ka 4500</leader>
  <controlfield tag="001">032540307</controlfield>
  <datafield tag="245" ind1="0" ind2="0">
    <subfield code="a">Essential orthopaedics</subfield>
    <subfield code="h">[electronic resource] /</subfield>
    <subfield code="c">[edited by] Mark D. Miller, Jennifer A. Hart, John M. MacKnight.</subfield>
  </datafield>
</record>