

<record xmlns="http://www.loc.gov/MARC21/slim"
xmlns:xsi="http://www.w3.org/2001/XMLSchema-instance"
xsi:schemaLocation="http://www.loc.gov/MARC21/slim
http://www.loc.gov/standards/marcxml/schema/MARC21slim.xsd">
  <leader>     cam  2200409Ia 4500</leader>
  <controlfield tag="001">032538218</controlfield>
  <datafield tag="245" ind1="0" ind2="0">
    <subfield code="a">Cataract surgery</subfield>
    <subfield code="h">[electronic resource] /</subfield>
    <subfield code="c">editor, Roger F. Steinert ; associate editors, David F. Chang ... [et al.].</subfield>
  </datafield>
  <datafield tag="500" ind1=" " ind2=" ">
    <subfield code="a">&quot;Expert consult title&quot;--Cover.</subfield>
  </datafield>
  <datafield tag="500" ind1=" " ind2=" ">
    <subfield code="a">Previous ed.: 2004.</subfield>
  </datafield>
</record>