

<record xmlns="http://www.loc.gov/MARC21/slim"
xmlns:xsi="http://www.w3.org/2001/XMLSchema-instance"
xsi:schemaLocation="http://www.loc.gov/MARC21/slim
http://www.loc.gov/standards/marcxml/schema/MARC21slim.xsd">
  <leader>     cam  2200445Ka 4500</leader>
  <controlfield tag="001">032536193</controlfield>
  <datafield tag="245" ind1="0" ind2="0">
    <subfield code="a">Atlas of diagnostic oncology</subfield>
    <subfield code="h">[electronic resource] /</subfield>
    <subfield code="c">edited by Arthur T. Skarin ; associate editors, Kitt Schaffer, Tad Wieczorek, Janina Longtine.</subfield>
  </datafield>
  <datafield tag="500" ind1=" " ind2=" ">
    <subfield code="a">At head of title: Dana-Farber Cancer Institute.</subfield>
  </datafield>
</record>