

<record xmlns="http://www.loc.gov/MARC21/slim"
xmlns:xsi="http://www.w3.org/2001/XMLSchema-instance"
xsi:schemaLocation="http://www.loc.gov/MARC21/slim
http://www.loc.gov/standards/marcxml/schema/MARC21slim.xsd">
  <leader>     cam  2200457Ka 4500</leader>
  <controlfield tag="001">032536188</controlfield>
  <datafield tag="245" ind1="0" ind2="0">
    <subfield code="a">Atlas of cardiovascular magnetic resonance imaging</subfield>
    <subfield code="h">[electronic resource]:</subfield>
    <subfield code="b">an imaging companion to Braunwald&apos;s heart disease /</subfield>
    <subfield code="c">[edited by] Christopher M. Kramer, W. Greg Hundley.</subfield>
  </datafield>
  <datafield tag="500" ind1=" " ind2=" ">
    <subfield code="a">&quot;Expert consult&quot;--Cover.</subfield>
  </datafield>
</record>