

<record xmlns="http://www.loc.gov/MARC21/slim"
xmlns:xsi="http://www.w3.org/2001/XMLSchema-instance"
xsi:schemaLocation="http://www.loc.gov/MARC21/slim
http://www.loc.gov/standards/marcxml/schema/MARC21slim.xsd">
  <leader>     cam  2200433Ka 4500</leader>
  <controlfield tag="001">032536107</controlfield>
  <datafield tag="245" ind1="0" ind2="0">
    <subfield code="a">Aesthetic oculofacial rejuvenation</subfield>
    <subfield code="h">[electronic resource] /</subfield>
    <subfield code="c">[edited by] Marian Cantisano-Zilkha, Alessandra Haddad.</subfield>
  </datafield>
</record>