

<record xmlns="http://www.loc.gov/MARC21/slim"
xmlns:xsi="http://www.w3.org/2001/XMLSchema-instance"
xsi:schemaLocation="http://www.loc.gov/MARC21/slim
http://www.loc.gov/standards/marcxml/schema/MARC21slim.xsd">
  <leader>02468cam  2200433Ia 4500</leader>
  <controlfield tag="001">032527108</controlfield>
  <datafield tag="245" ind1="0" ind2="0">
    <subfield code="a">Companion to psychiatric studies</subfield>
    <subfield code="h">[electronic resource] /</subfield>
    <subfield code="c">edited by Eve C. Johnstone ... [et al.].</subfield>
  </datafield>
</record>