

<record xmlns="http://www.loc.gov/MARC21/slim"
xmlns:xsi="http://www.w3.org/2001/XMLSchema-instance"
xsi:schemaLocation="http://www.loc.gov/MARC21/slim
http://www.loc.gov/standards/marcxml/schema/MARC21slim.xsd">
  <leader>01462cam  2200361Ka 4500</leader>
  <controlfield tag="001">032526941</controlfield>
  <datafield tag="245" ind1="0" ind2="0">
    <subfield code="a">Meyler&apos;s side effects of drugs used in cancer and immunology</subfield>
    <subfield code="h">[electronic resource] /</subfield>
    <subfield code="c">edited by Jeffrey K. Aronson.</subfield>
  </datafield>
</record>