

<record xmlns="http://www.loc.gov/MARC21/slim"
xmlns:xsi="http://www.w3.org/2001/XMLSchema-instance"
xsi:schemaLocation="http://www.loc.gov/MARC21/slim
http://www.loc.gov/standards/marcxml/schema/MARC21slim.xsd">
  <leader>01986cam  2200493Ka 4500</leader>
  <controlfield tag="001">032526940</controlfield>
  <datafield tag="245" ind1="0" ind2="0">
    <subfield code="a">Medicolegal reporting in orthopaedic trauma</subfield>
    <subfield code="h">[electronic resource] /</subfield>
    <subfield code="c">[edited by] Michael A. Foy, Phillip S. Fagg.</subfield>
  </datafield>
  <datafield tag="500" ind1=" " ind2=" ">
    <subfield code="a">Previous ed.: Edinburgh: Churchill Livingstone, 2001.</subfield>
  </datafield>
</record>