

<record xmlns="http://www.loc.gov/MARC21/slim"
xmlns:xsi="http://www.w3.org/2001/XMLSchema-instance"
xsi:schemaLocation="http://www.loc.gov/MARC21/slim
http://www.loc.gov/standards/marcxml/schema/MARC21slim.xsd">
  <leader>03974cam  2200517Ka 4500</leader>
  <controlfield tag="001">032526894</controlfield>
  <datafield tag="245" ind1="0" ind2="0">
    <subfield code="a">Arthritis &amp; arthroplasty.</subfield>
    <subfield code="p">The hand, wrist and elbow</subfield>
    <subfield code="h">[electronic resource] /</subfield>
    <subfield code="c">edited by A. Bobby Chhabra, Jonathan E. Isaacs.</subfield>
  </datafield>
</record>