

<record xmlns="http://www.loc.gov/MARC21/slim"
xmlns:xsi="http://www.w3.org/2001/XMLSchema-instance"
xsi:schemaLocation="http://www.loc.gov/MARC21/slim
http://www.loc.gov/standards/marcxml/schema/MARC21slim.xsd">
  <leader>04664cam  2200601Ka 4500</leader>
  <controlfield tag="001">032526863</controlfield>
  <datafield tag="245" ind1="0" ind2="0">
    <subfield code="a">Cottrell and Young&apos;s neuroanesthesia</subfield>
    <subfield code="h">[electronic resource] /</subfield>
    <subfield code="c">[edited by] James E. Cottrell, William L. Young.</subfield>
  </datafield>
  <datafield tag="500" ind1=" " ind2=" ">
    <subfield code="a">Rev. ed. of: Anesthesia and neurosurgery / [edited by] James E. Cottrell, David S. Smith. 4th ed. c2001.</subfield>
  </datafield>
</record>