

<record xmlns="http://www.loc.gov/MARC21/slim"
xmlns:xsi="http://www.w3.org/2001/XMLSchema-instance"
xsi:schemaLocation="http://www.loc.gov/MARC21/slim
http://www.loc.gov/standards/marcxml/schema/MARC21slim.xsd">
  <leader>02457cam  2200625Ia 4500</leader>
  <controlfield tag="001">032526828</controlfield>
  <datafield tag="245" ind1="0" ind2="0">
    <subfield code="a">Orthopaedic trauma surgery</subfield>
    <subfield code="h">[electronic resource] /</subfield>
    <subfield code="c">[edited by] Emil H. Schemitsch, Michael D. McKee.</subfield>
  </datafield>
  <datafield tag="500" ind1=" " ind2=" ">
    <subfield code="a">Some online versions lack accompanying media packaged with the printed version.</subfield>
  </datafield>
</record>