

<record xmlns="http://www.loc.gov/MARC21/slim"
xmlns:xsi="http://www.w3.org/2001/XMLSchema-instance"
xsi:schemaLocation="http://www.loc.gov/MARC21/slim
http://www.loc.gov/standards/marcxml/schema/MARC21slim.xsd">
  <leader>01726cam  2200433La 4500</leader>
  <controlfield tag="001">032526823</controlfield>
  <datafield tag="245" ind1="0" ind2="0">
    <subfield code="a">Diagnostic pediatric surgical pathology</subfield>
    <subfield code="h">[electronic resource] /</subfield>
    <subfield code="c">Neil J. Sebire ... [et al.].</subfield>
  </datafield>
</record>