

<record xmlns="http://www.loc.gov/MARC21/slim"
xmlns:xsi="http://www.w3.org/2001/XMLSchema-instance"
xsi:schemaLocation="http://www.loc.gov/MARC21/slim
http://www.loc.gov/standards/marcxml/schema/MARC21slim.xsd">
  <leader>07056cam  2200553Ka 4500</leader>
  <controlfield tag="001">032526752</controlfield>
  <datafield tag="245" ind1="0" ind2="0">
    <subfield code="a">Netter&apos;s sports medicine</subfield>
    <subfield code="h">[electronic resource] /</subfield>
    <subfield code="c">Christopher Madden ... [et al.] ; illustrations by Frank H. Netter ; contributing illustrators, Carlos A.G. Machado ... [et al.].</subfield>
  </datafield>
  <datafield tag="500" ind1=" " ind2=" ">
    <subfield code="a">&quot;Formal heir to the Team Physician&apos;s Handbook&quot;--P. v.</subfield>
  </datafield>
</record>