

<record xmlns="http://www.loc.gov/MARC21/slim"
xmlns:xsi="http://www.w3.org/2001/XMLSchema-instance"
xsi:schemaLocation="http://www.loc.gov/MARC21/slim
http://www.loc.gov/standards/marcxml/schema/MARC21slim.xsd">
  <leader>03394cam  2200541Ka 4500</leader>
  <controlfield tag="001">032526745</controlfield>
  <datafield tag="245" ind1="0" ind2="0">
    <subfield code="a">Instant work-ups</subfield>
    <subfield code="h">[electronic resource] :</subfield>
    <subfield code="b">a clinical guide to pediatrics /</subfield>
    <subfield code="c">Theodore X. O&apos;Connell ... [et al.].</subfield>
  </datafield>
</record>