

<record xmlns="http://www.loc.gov/MARC21/slim"
xmlns:xsi="http://www.w3.org/2001/XMLSchema-instance"
xsi:schemaLocation="http://www.loc.gov/MARC21/slim
http://www.loc.gov/standards/marcxml/schema/MARC21slim.xsd">
  <leader>04660cam  2200601Ia 4500</leader>
  <controlfield tag="001">032526683</controlfield>
  <datafield tag="245" ind1="0" ind2="0">
    <subfield code="a">Leibel and Phillips textbook of radiation oncology</subfield>
    <subfield code="h">[electronic resource] /</subfield>
    <subfield code="c">[edited by] Richard T. Hoppe, Theodore Locke Phillips, Mack Roach.</subfield>
  </datafield>
  <datafield tag="500" ind1=" " ind2=" ">
    <subfield code="a">Rev. ed. of: Textbook of radiation oncology / [edited by] Steven A. Leibel, Theodore L. Phillips. 2nd ed. c2004.</subfield>
  </datafield>
</record>