

<record xmlns="http://www.loc.gov/MARC21/slim"
xmlns:xsi="http://www.w3.org/2001/XMLSchema-instance"
xsi:schemaLocation="http://www.loc.gov/MARC21/slim
http://www.loc.gov/standards/marcxml/schema/MARC21slim.xsd">
  <leader>04405cam  22006014a 4500</leader>
  <controlfield tag="001">032526582</controlfield>
  <datafield tag="245" ind1="0" ind2="0">
    <subfield code="a">Meningiomas</subfield>
    <subfield code="h">[electronic resource] :</subfield>
    <subfield code="b">a comprehensive text /</subfield>
    <subfield code="c">[edited by] M. Necmettin Pamir, Peter M. Black, Rudolf Fahlbusch.</subfield>
  </datafield>
</record>