

<record xmlns="http://www.loc.gov/MARC21/slim"
xmlns:xsi="http://www.w3.org/2001/XMLSchema-instance"
xsi:schemaLocation="http://www.loc.gov/MARC21/slim
http://www.loc.gov/standards/marcxml/schema/MARC21slim.xsd">
  <leader>03689cam  2200613Ka 4500</leader>
  <controlfield tag="001">032526577</controlfield>
  <datafield tag="245" ind1="0" ind2="0">
    <subfield code="a">Chronic kidney disease, dialysis, and transplantation</subfield>
    <subfield code="h">[electronic resource] :</subfield>
    <subfield code="b">companion to Brenner &amp; Rector&apos;s the kidney /</subfield>
    <subfield code="c">[edited by] Jonathan Himmelfarb, Mohamed H. Sayegh.</subfield>
  </datafield>
</record>