

<record xmlns="http://www.loc.gov/MARC21/slim"
xmlns:xsi="http://www.w3.org/2001/XMLSchema-instance"
xsi:schemaLocation="http://www.loc.gov/MARC21/slim
http://www.loc.gov/standards/marcxml/schema/MARC21slim.xsd">
  <leader>05705cam  2200589Ia 4500</leader>
  <controlfield tag="001">032526573</controlfield>
  <datafield tag="245" ind1="0" ind2="0">
    <subfield code="a">Aesthetic and reconstructive surgery of the breast</subfield>
    <subfield code="h">[electronic resource] /</subfield>
    <subfield code="c">editors, Elizabeth J. Hall-Findlay, Gregory R.D. Evans ; video editor, Kenneth K. Kim.</subfield>
  </datafield>
  <datafield tag="500" ind1=" " ind2=" ">
    <subfield code="a">&quot;Expert consult&quot;--Cover.</subfield>
  </datafield>
</record>