

<record xmlns="http://www.loc.gov/MARC21/slim"
xmlns:xsi="http://www.w3.org/2001/XMLSchema-instance"
xsi:schemaLocation="http://www.loc.gov/MARC21/slim
http://www.loc.gov/standards/marcxml/schema/MARC21slim.xsd">
  <leader>03968cam  2200625Ia 4500</leader>
  <controlfield tag="001">032526570</controlfield>
  <datafield tag="245" ind1="0" ind2="0">
    <subfield code="a">Clinical nuclear cardiology</subfield>
    <subfield code="h">[electronic resource] :</subfield>
    <subfield code="b">state of the art and future directions /</subfield>
    <subfield code="c">[edited by] Barry L. Zaret, George A. Beller.</subfield>
  </datafield>
</record>