

<record xmlns="http://www.loc.gov/MARC21/slim"
xmlns:xsi="http://www.w3.org/2001/XMLSchema-instance"
xsi:schemaLocation="http://www.loc.gov/MARC21/slim
http://www.loc.gov/standards/marcxml/schema/MARC21slim.xsd">
  <leader>08455cam  22008174a 4500</leader>
  <controlfield tag="001">032526557</controlfield>
  <datafield tag="245" ind1="0" ind2="0">
    <subfield code="a">Massachusetts General Hospital handbook of general hospital psychiatry</subfield>
    <subfield code="h">[electronic resource] /</subfield>
    <subfield code="c">Theodore A. Stern ... [et al.].</subfield>
  </datafield>
</record>