

<record xmlns="http://www.loc.gov/MARC21/slim"
xmlns:xsi="http://www.w3.org/2001/XMLSchema-instance"
xsi:schemaLocation="http://www.loc.gov/MARC21/slim
http://www.loc.gov/standards/marcxml/schema/MARC21slim.xsd">
  <leader>04413cam  22006494a 4500</leader>
  <controlfield tag="001">032526556</controlfield>
  <datafield tag="245" ind1="0" ind2="0">
    <subfield code="a">Cardiovascular magnetic resonance</subfield>
    <subfield code="h">[electronic resource] /</subfield>
    <subfield code="c">[edited by] Warren J. Manning, Dudley J. Pennell.</subfield>
  </datafield>
  <datafield tag="500" ind1=" " ind2=" ">
    <subfield code="a">Rev. ed. of: Cardiovascular magnetic resonance / Warren J. Manning, Dudley J. Pennell. 1st ed. 2002.</subfield>
  </datafield>
</record>