

<record xmlns="http://www.loc.gov/MARC21/slim"
xmlns:xsi="http://www.w3.org/2001/XMLSchema-instance"
xsi:schemaLocation="http://www.loc.gov/MARC21/slim
http://www.loc.gov/standards/marcxml/schema/MARC21slim.xsd">
  <leader>04817cam  2200529Ka 4500</leader>
  <controlfield tag="001">032526534</controlfield>
  <datafield tag="245" ind1="0" ind2="0">
    <subfield code="a">Infectious diseases</subfield>
    <subfield code="h">[electronic resource] /</subfield>
    <subfield code="c">edited by Jonathan Cohen, Steven M. Opal, William G. Powderly ; section editors, Thierry Calandra ... [et al.].</subfield>
  </datafield>
  <datafield tag="500" ind1=" " ind2=" ">
    <subfield code="a">Previous ed.: 2004.</subfield>
  </datafield>
  <datafield tag="500" ind1=" " ind2=" ">
    <subfield code="a">&quot;Expert consult&quot;--Cover.</subfield>
  </datafield>
</record>