

<record xmlns="http://www.loc.gov/MARC21/slim"
xmlns:xsi="http://www.w3.org/2001/XMLSchema-instance"
xsi:schemaLocation="http://www.loc.gov/MARC21/slim
http://www.loc.gov/standards/marcxml/schema/MARC21slim.xsd">
  <leader>05661cam  2200541Ka 4500</leader>
  <controlfield tag="001">032526531</controlfield>
  <datafield tag="245" ind1="0" ind2="0">
    <subfield code="a">Regenerative nephrology</subfield>
    <subfield code="h">[electronic resource] /</subfield>
    <subfield code="c">edited by Michael S. Goligorsky.</subfield>
  </datafield>
</record>