

<record xmlns="http://www.loc.gov/MARC21/slim"
xmlns:xsi="http://www.w3.org/2001/XMLSchema-instance"
xsi:schemaLocation="http://www.loc.gov/MARC21/slim
http://www.loc.gov/standards/marcxml/schema/MARC21slim.xsd">
  <leader>09597cam  2200565Ia 4500</leader>
  <controlfield tag="001">032526516</controlfield>
  <datafield tag="245" ind1="0" ind2="0">
    <subfield code="a">Ocular disease</subfield>
    <subfield code="h">[electronic resource] :</subfield>
    <subfield code="b">mechanisms and management /</subfield>
    <subfield code="c">[edited by] Leonard A. Levin, Daniel M. Albert.</subfield>
  </datafield>
  <datafield tag="500" ind1=" " ind2=" ">
    <subfield code="a">&quot;Expert consult&quot;--Cover.</subfield>
  </datafield>
</record>