

<record xmlns="http://www.loc.gov/MARC21/slim"
xmlns:xsi="http://www.w3.org/2001/XMLSchema-instance"
xsi:schemaLocation="http://www.loc.gov/MARC21/slim
http://www.loc.gov/standards/marcxml/schema/MARC21slim.xsd">
  <leader>06837cam  22007814a 4500</leader>
  <controlfield tag="001">032526512</controlfield>
  <datafield tag="245" ind1="0" ind2="0">
    <subfield code="a">Practical surgical neuropathology</subfield>
    <subfield code="h">[electronic resource] :</subfield>
    <subfield code="b">a diagnostic approach /</subfield>
    <subfield code="c">[edited by] Arie Perry, Daniel J. Brat.</subfield>
  </datafield>
</record>