

<record xmlns="http://www.loc.gov/MARC21/slim"
xmlns:xsi="http://www.w3.org/2001/XMLSchema-instance"
xsi:schemaLocation="http://www.loc.gov/MARC21/slim
http://www.loc.gov/standards/marcxml/schema/MARC21slim.xsd">
  <leader>06959cam  22006614a 4500</leader>
  <controlfield tag="001">032526505</controlfield>
  <datafield tag="245" ind1="0" ind2="0">
    <subfield code="a">Complications of urologic surgery</subfield>
    <subfield code="h">[electronic resource] :</subfield>
    <subfield code="b">prevention and management /</subfield>
    <subfield code="c">[edited by] Samir S. Taneja.</subfield>
  </datafield>
  <datafield tag="500" ind1=" " ind2=" ">
    <subfield code="a">Revised edition of Complications of urologic surgery / edited by Samir S. Taneja, Robert B. Smith and Richard M. Ehrlich. 2001.</subfield>
  </datafield>
  <datafield tag="500" ind1=" " ind2=" ">
    <subfield code="a">Includes index.</subfield>
  </datafield>
</record>