

<record xmlns="http://www.loc.gov/MARC21/slim"
xmlns:xsi="http://www.w3.org/2001/XMLSchema-instance"
xsi:schemaLocation="http://www.loc.gov/MARC21/slim
http://www.loc.gov/standards/marcxml/schema/MARC21slim.xsd">
  <leader>09829cam  2200733Ia 4500</leader>
  <controlfield tag="001">032526504</controlfield>
  <datafield tag="245" ind1="0" ind2="0">
    <subfield code="a">Osteoporosis in men</subfield>
    <subfield code="h">[electronic resource] :</subfield>
    <subfield code="b">the effects of gender on skeletal health /</subfield>
    <subfield code="c">[edited by] Eric S. Orwoll, John P. Bilezikian, Dirk Vanderschueren.</subfield>
  </datafield>
</record>