

<record xmlns="http://www.loc.gov/MARC21/slim"
xmlns:xsi="http://www.w3.org/2001/XMLSchema-instance"
xsi:schemaLocation="http://www.loc.gov/MARC21/slim
http://www.loc.gov/standards/marcxml/schema/MARC21slim.xsd">
  <leader>03400cam  2200553Ia 4500</leader>
  <controlfield tag="001">032526496</controlfield>
  <datafield tag="245" ind1="0" ind2="0">
    <subfield code="a">Fundamentals of osteoporosis</subfield>
    <subfield code="h">[electronic resource] /</subfield>
    <subfield code="c">[edited by] Robert Marcus ... [et al.].</subfield>
  </datafield>
  <datafield tag="500" ind1=" " ind2=" ">
    <subfield code="a">&quot;All chapters were originally published in volume 1 of Osteoporosis, 3rd edition, [edited] by Robert Marcus&quot;--T.p. verso.</subfield>
  </datafield>
</record>