

<record xmlns="http://www.loc.gov/MARC21/slim"
xmlns:xsi="http://www.w3.org/2001/XMLSchema-instance"
xsi:schemaLocation="http://www.loc.gov/MARC21/slim
http://www.loc.gov/standards/marcxml/schema/MARC21slim.xsd">
  <leader>10397cam  2200685Ia 4500</leader>
  <controlfield tag="001">032526421</controlfield>
  <datafield tag="245" ind1="0" ind2="0">
    <subfield code="a">Surgical treatment of hip arthritis</subfield>
    <subfield code="h">[electronic resource] :</subfield>
    <subfield code="b">reconstruction, replacement, and revision /</subfield>
    <subfield code="c">edited by William J. Hozack, Javad Parvizi, Benjamin Bender.</subfield>
  </datafield>
</record>