

<record xmlns="http://www.loc.gov/MARC21/slim"
xmlns:xsi="http://www.w3.org/2001/XMLSchema-instance"
xsi:schemaLocation="http://www.loc.gov/MARC21/slim
http://www.loc.gov/standards/marcxml/schema/MARC21slim.xsd">
  <leader>08511cam  2200709Ia 4500</leader>
  <controlfield tag="001">032526407</controlfield>
  <datafield tag="245" ind1="0" ind2="0">
    <subfield code="a">Medical management of the thoracic surgery patient</subfield>
    <subfield code="h">[electronic resource] /</subfield>
    <subfield code="c">[edited by] Michael I. Lewis, Robert J. McKenna Jr. ; associate editors, Jeremy A. Falk, George E. Chaux.</subfield>
  </datafield>
</record>