

<record xmlns="http://www.loc.gov/MARC21/slim"
xmlns:xsi="http://www.w3.org/2001/XMLSchema-instance"
xsi:schemaLocation="http://www.loc.gov/MARC21/slim
http://www.loc.gov/standards/marcxml/schema/MARC21slim.xsd">
  <leader>05547cam  2200589Ia 4500</leader>
  <controlfield tag="001">032526388</controlfield>
  <datafield tag="245" ind1="0" ind2="0">
    <subfield code="a">Bone and soft tissue pathology</subfield>
    <subfield code="h">[electronic resource] /</subfield>
    <subfield code="c">edited by Andrew L. Folpe, Carrie Y. Inwards.</subfield>
  </datafield>
</record>