

<record xmlns="http://www.loc.gov/MARC21/slim"
xmlns:xsi="http://www.w3.org/2001/XMLSchema-instance"
xsi:schemaLocation="http://www.loc.gov/MARC21/slim
http://www.loc.gov/standards/marcxml/schema/MARC21slim.xsd">
  <leader>     cam  2200637Ka 4500</leader>
  <controlfield tag="001">032524166</controlfield>
  <datafield tag="245" ind1="0" ind2="0">
    <subfield code="a">Cases and concepts.</subfield>
    <subfield code="n">Step 1,</subfield>
    <subfield code="p">Basic science review</subfield>
    <subfield code="c">Aaron B. Caughey [and others].</subfield>
  </datafield>
  <datafield tag="500" ind1=" " ind2=" ">
    <subfield code="a">Includes index.</subfield>
  </datafield>
</record>