

<record xmlns="http://www.loc.gov/MARC21/slim"
xmlns:xsi="http://www.w3.org/2001/XMLSchema-instance"
xsi:schemaLocation="http://www.loc.gov/MARC21/slim
http://www.loc.gov/standards/marcxml/schema/MARC21slim.xsd">
  <leader>     cgm  2200661 a 4500</leader>
  <controlfield tag="001">032396373</controlfield>
  <datafield tag="245" ind1="0" ind2="0">
    <subfield code="a">Living in emergency</subfield>
    <subfield code="h">[videorecording] :</subfield>
    <subfield code="b">stories of Doctors without Borders /</subfield>
    <subfield code="c">Red Floor pictures presents ; produced and directed by Mark Hopkins ; produced by Naisola Grimwood and Daniel Holton-Roth.</subfield>
  </datafield>
  <datafield tag="500" ind1=" " ind2=" ">
    <subfield code="a">Originally produced as a motion picture in 2008.</subfield>
  </datafield>
</record>