

<record xmlns="http://www.loc.gov/MARC21/slim"
xmlns:xsi="http://www.w3.org/2001/XMLSchema-instance"
xsi:schemaLocation="http://www.loc.gov/MARC21/slim
http://www.loc.gov/standards/marcxml/schema/MARC21slim.xsd">
  <leader>     cam  2200517 a 4500</leader>
  <controlfield tag="001">024293892</controlfield>
  <datafield tag="245" ind1="0" ind2="0">
    <subfield code="a">Sherris medical microbiology /</subfield>
    <subfield code="c">editors, Kenneth J. Ryan, C. George Ray.</subfield>
  </datafield>
</record>