

<record xmlns="http://www.loc.gov/MARC21/slim"
xmlns:xsi="http://www.w3.org/2001/XMLSchema-instance"
xsi:schemaLocation="http://www.loc.gov/MARC21/slim
http://www.loc.gov/standards/marcxml/schema/MARC21slim.xsd">
  <leader>     cam  2200409Ia 4500</leader>
  <controlfield tag="001">023922981</controlfield>
  <datafield tag="245" ind1="0" ind2="0">
    <subfield code="a">Quick answers surgery</subfield>
    <subfield code="h">[electronic resource] /</subfield>
    <subfield code="c">edited by Gerard M. Doherty.</subfield>
  </datafield>
  <datafield tag="500" ind1=" " ind2=" ">
    <subfield code="a">Previously published as: Current surgical diagnosis &amp; treatment, c2006, 12th ed.</subfield>
    <subfield code="5">FMFIU</subfield>
  </datafield>
</record>