

<record xmlns="http://www.loc.gov/MARC21/slim"
xmlns:xsi="http://www.w3.org/2001/XMLSchema-instance"
xsi:schemaLocation="http://www.loc.gov/MARC21/slim
http://www.loc.gov/standards/marcxml/schema/MARC21slim.xsd">
  <leader>04613cam  2200697Ia 4500</leader>
  <controlfield tag="001">022634152</controlfield>
  <datafield tag="245" ind1="0" ind2="4">
    <subfield code="a">The Washington manual of medical therapeutics /</subfield>
    <subfield code="c">editors: Corey Foster ... [et al.].</subfield>
  </datafield>
  <datafield tag="500" ind1=" " ind2=" ">
    <subfield code="a">Previous ed.: Washington manual of medical therapeutics, 32nd ed., 2007.</subfield>
    <subfield code="5">FU</subfield>
    <subfield code="5">FTaSU</subfield>
  </datafield>
</record>