

<record xmlns="http://www.loc.gov/MARC21/slim"
xmlns:xsi="http://www.w3.org/2001/XMLSchema-instance"
xsi:schemaLocation="http://www.loc.gov/MARC21/slim
http://www.loc.gov/standards/marcxml/schema/MARC21slim.xsd">
  <leader>     cam  22004814a 4500</leader>
  <controlfield tag="001">022536084</controlfield>
  <datafield tag="245" ind1="0" ind2="0">
    <subfield code="a">Netter&apos;s cardiology</subfield>
    <subfield code="h">[electronic resource] /</subfield>
    <subfield code="c">edited by Marschall S. Runge, George A. Stouffer, Cam Patterson ; illustrations by Frank H. Netter ; contributing illustrator, Carlos A.G. Machado ... [et al.].</subfield>
  </datafield>
</record>