

<record xmlns="http://www.loc.gov/MARC21/slim"
xmlns:xsi="http://www.w3.org/2001/XMLSchema-instance"
xsi:schemaLocation="http://www.loc.gov/MARC21/slim
http://www.loc.gov/standards/marcxml/schema/MARC21slim.xsd">
  <leader>     cam  22004454a 4500</leader>
  <controlfield tag="001">022493913</controlfield>
  <datafield tag="245" ind1="0" ind2="0">
    <subfield code="a">Current clinical medicine</subfield>
    <subfield code="h">[electronic resource] /</subfield>
    <subfield code="c">Cleveland Clinic ; [edited by] William D. Carey.</subfield>
  </datafield>
  <datafield tag="500" ind1=" " ind2=" ">
    <subfield code="a">Rev. ed. of: Current clinical medicine 2009 / Cleveland Clinic [edited by] William D. Carey ... [et al.]. c2009.</subfield>
    <subfield code="5">FU</subfield>
    <subfield code="5">FBoU</subfield>
  </datafield>
  <datafield tag="500" ind1=" " ind2=" ">
    <subfield code="a">Title from resource title page (MD Consult, viewed Oct. 15, 2010).</subfield>
    <subfield code="5">FU</subfield>
    <subfield code="5">FBoU</subfield>
  </datafield>
</record>