

<record xmlns="http://www.loc.gov/MARC21/slim"
xmlns:xsi="http://www.w3.org/2001/XMLSchema-instance"
xsi:schemaLocation="http://www.loc.gov/MARC21/slim
http://www.loc.gov/standards/marcxml/schema/MARC21slim.xsd">
  <leader>     nam  22004694a 4500</leader>
  <controlfield tag="001">022133433</controlfield>
  <datafield tag="245" ind1="0" ind2="0">
    <subfield code="a">Color atlas of ophthalmology</subfield>
    <subfield code="h">[electronic resource] :</subfield>
    <subfield code="b">the quick-reference manual for diagnosis and treatment /</subfield>
    <subfield code="c">[edited by] Amar Agarwal, Soosan Jacob.</subfield>
  </datafield>
  <datafield tag="500" ind1=" " ind2=" ">
    <subfield code="a">Includes index.</subfield>
    <subfield code="5">FMFIU</subfield>
    <subfield code="5">FTS</subfield>
    <subfield code="5">FTaSU</subfield>
  </datafield>
  <datafield tag="500" ind1=" " ind2=" ">
    <subfield code="a">Title from homepage (viewed June 10, 2010).</subfield>
    <subfield code="5">FMFIU</subfield>
    <subfield code="5">FTS</subfield>
  </datafield>
  <datafield tag="500" ind1=" " ind2=" ">
    <subfield code="a">Prev. ed. has subtitle: Manhattan Eye, Ear &amp; Throat Hospital pocket guide.</subfield>
    <subfield code="5">FMFIU</subfield>
    <subfield code="5">FTS</subfield>
    <subfield code="5">FTaSU</subfield>
  </datafield>
  <datafield tag="500" ind1=" " ind2=" ">
    <subfield code="a">Title from title page (viewed June 10, 2010).</subfield>
    <subfield code="5">FTaSU</subfield>
  </datafield>
</record>