

<record xmlns="http://www.loc.gov/MARC21/slim"
xmlns:xsi="http://www.w3.org/2001/XMLSchema-instance"
xsi:schemaLocation="http://www.loc.gov/MARC21/slim
http://www.loc.gov/standards/marcxml/schema/MARC21slim.xsd">
  <leader>     cam  22005294a 4500</leader>
  <controlfield tag="001">021699839</controlfield>
  <datafield tag="245" ind1="0" ind2="0">
    <subfield code="a">Andreoli and Carpenter&apos;s Cecil essentials of medicine /</subfield>
    <subfield code="c">editor-in-chief, Thomas E. Andreoli ; editors, Ivor J. Benjamin, Robert C. Griggs, Edward J. Wing.</subfield>
  </datafield>
</record>