

<record xmlns="http://www.loc.gov/MARC21/slim"
xmlns:xsi="http://www.w3.org/2001/XMLSchema-instance"
xsi:schemaLocation="http://www.loc.gov/MARC21/slim
http://www.loc.gov/standards/marcxml/schema/MARC21slim.xsd">
  <leader>     cam  22005054a 4500</leader>
  <controlfield tag="001">021410253</controlfield>
  <datafield tag="245" ind1="0" ind2="0">
    <subfield code="a">Obstetrics and gynecology /</subfield>
    <subfield code="c">Charles R.B. Beckmann ... [et al.].</subfield>
  </datafield>
  <datafield tag="500" ind1=" " ind2=" ">
    <subfield code="a">Includes index.</subfield>
    <subfield code="5">FTaSU</subfield>
  </datafield>
  <datafield tag="590" ind1=" " ind2=" ">
    <subfield code="a">Personal copy</subfield>
    <subfield code="5">FU</subfield>
  </datafield>
</record>