

<record xmlns="http://www.loc.gov/MARC21/slim"
xmlns:xsi="http://www.w3.org/2001/XMLSchema-instance"
xsi:schemaLocation="http://www.loc.gov/MARC21/slim
http://www.loc.gov/standards/marcxml/schema/MARC21slim.xsd">
  <leader>     nam  2200469Ka 4500</leader>
  <controlfield tag="001">020431029</controlfield>
  <datafield tag="245" ind1="0" ind2="0">
    <subfield code="a">Berne &amp; Levy physiology</subfield>
    <subfield code="h">[electronic resource] /</subfield>
    <subfield code="c">editors, Bruce M. Koeppen, Bruce A. Stanton.</subfield>
  </datafield>
  <datafield tag="500" ind1=" " ind2=" ">
    <subfield code="a">Includes index.</subfield>
  </datafield>
</record>