

<record xmlns="http://www.loc.gov/MARC21/slim"
xmlns:xsi="http://www.w3.org/2001/XMLSchema-instance"
xsi:schemaLocation="http://www.loc.gov/MARC21/slim
http://www.loc.gov/standards/marcxml/schema/MARC21slim.xsd">
  <leader>     cam  2200469Ia 4500</leader>
  <controlfield tag="001">020430748</controlfield>
  <datafield tag="245" ind1="0" ind2="0">
    <subfield code="a">Brody&apos;s human pharmacology</subfield>
    <subfield code="h">[electronic resource] :</subfield>
    <subfield code="b">molecular to clinical /</subfield>
    <subfield code="c">Lynn Wecker ; with Lynn M. Crespo ... [et al.].</subfield>
  </datafield>
</record>