

<record xmlns="http://www.loc.gov/MARC21/slim"
xmlns:xsi="http://www.w3.org/2001/XMLSchema-instance"
xsi:schemaLocation="http://www.loc.gov/MARC21/slim
http://www.loc.gov/standards/marcxml/schema/MARC21slim.xsd">
  <leader>     cam  2200469Ia 4500</leader>
  <controlfield tag="001">020088260</controlfield>
  <datafield tag="245" ind1="0" ind2="0">
    <subfield code="a">Rosen&apos;s emergency medicine</subfield>
    <subfield code="h">[electronic resource] :</subfield>
    <subfield code="b">concepts and clinical practice /</subfield>
    <subfield code="c">editor-in-chief, John A. Marx ; senior editors, Robert S. Hockberger, Ron M. Walls ; editors, James G. Adams ... [et al.].</subfield>
  </datafield>
  <datafield tag="500" ind1=" " ind2=" ">
    <subfield code="a">Description based on print version record.</subfield>
  </datafield>
  <datafield tag="500" ind1=" " ind2=" ">
    <subfield code="a">Title from MDC&apos;s title page (viewed Feb. 7, 2011).</subfield>
  </datafield>
</record>