

<record xmlns="http://www.loc.gov/MARC21/slim"
xmlns:xsi="http://www.w3.org/2001/XMLSchema-instance"
xsi:schemaLocation="http://www.loc.gov/MARC21/slim
http://www.loc.gov/standards/marcxml/schema/MARC21slim.xsd">
  <leader>     nam  22004454a 4500</leader>
  <controlfield tag="001">022133509</controlfield>
  <datafield tag="245" ind1="1" ind2="0">
    <subfield code="a">Ear, nose, and throat diseases</subfield>
    <subfield code="h">[electronic resource] :</subfield>
    <subfield code="b">with head and neck surgery /</subfield>
    <subfield code="c">founding authors, Walter Becker, Hans Heinz Naumann, Carl Rudolf Pfaltz.</subfield>
  </datafield>
  <datafield tag="500" ind1=" " ind2=" ">
    <subfield code="a">Rev. ed. of: Ear, nose, and throat diseases / Walter Becker, Hans Heinz Naumann, Carl Rudolf Pfaltz. 2nd rev. ed. c1994.</subfield>
    <subfield code="5">FMFIU</subfield>
    <subfield code="5">FTaSU</subfield>
  </datafield>
  <datafield tag="500" ind1=" " ind2=" ">
    <subfield code="a">Title from homepage (viewed June 11, 2010).</subfield>
    <subfield code="5">FMFIU</subfield>
    <subfield code="5">FTaSU</subfield>
  </datafield>
</record>