

<record xmlns="http://www.loc.gov/MARC21/slim"
xmlns:xsi="http://www.w3.org/2001/XMLSchema-instance"
xsi:schemaLocation="http://www.loc.gov/MARC21/slim
http://www.loc.gov/standards/marcxml/schema/MARC21slim.xsd">
  <leader>     cam  22004814a 4500</leader>
  <controlfield tag="001">020149854</controlfield>
  <datafield tag="245" ind1="1" ind2="0">
    <subfield code="a">Bates&apos; guide to physical examination and history taking /</subfield>
    <subfield code="c">Lynn S. Bickley, Peter G. Szilagyi.</subfield>
  </datafield>
  <datafield tag="500" ind1=" " ind2=" ">
    <subfield code="a">CD-ROM entitles &quot;Bates&apos; Guide to Physical Examination and History Taking&quot;by Lynn S. Bickley</subfield>
    <subfield code="5">FMFIU</subfield>
  </datafield>
</record>