

<record xmlns="http://www.loc.gov/MARC21/slim"
xmlns:xsi="http://www.w3.org/2001/XMLSchema-instance"
xsi:schemaLocation="http://www.loc.gov/MARC21/slim
http://www.loc.gov/standards/marcxml/schema/MARC21slim.xsd">
  <leader>04708cam  2200565Ia 4500</leader>
  <controlfield tag="001">032526400</controlfield>
  <datafield tag="245" ind1="1" ind2="0">
    <subfield code="a">Arthritis in color</subfield>
    <subfield code="h">[electronic resource] :</subfield>
    <subfield code="b">advanced imaging of arthritis /</subfield>
    <subfield code="c">Michael A. Bruno, Timothy J. Mosher, Garry E. Gold.</subfield>
  </datafield>
</record>