

<record xmlns="http://www.loc.gov/MARC21/slim"
xmlns:xsi="http://www.w3.org/2001/XMLSchema-instance"
xsi:schemaLocation="http://www.loc.gov/MARC21/slim
http://www.loc.gov/standards/marcxml/schema/MARC21slim.xsd">
  <leader>04127cam  2200457Ia 4500</leader>
  <controlfield tag="001">027466090</controlfield>
  <datafield tag="245" ind1="1" ind2="0">
    <subfield code="a">Orthopaedic pathology</subfield>
    <subfield code="h">[electronic resource] /</subfield>
    <subfield code="c">Peter G. Bullough.</subfield>
  </datafield>
</record>