

<record xmlns="http://www.loc.gov/MARC21/slim"
xmlns:xsi="http://www.w3.org/2001/XMLSchema-instance"
xsi:schemaLocation="http://www.loc.gov/MARC21/slim
http://www.loc.gov/standards/marcxml/schema/MARC21slim.xsd">
  <leader>04094cam  2200445Ia 4500</leader>
  <controlfield tag="001">023125431</controlfield>
  <datafield tag="245" ind1="1" ind2="0">
    <subfield code="a">Caplan&apos;s stroke</subfield>
    <subfield code="h">[electronic resource] :</subfield>
    <subfield code="b">a clinical approach /</subfield>
    <subfield code="c">Louis R. Caplan.</subfield>
  </datafield>
</record>