

<record xmlns="http://www.loc.gov/MARC21/slim"
xmlns:xsi="http://www.w3.org/2001/XMLSchema-instance"
xsi:schemaLocation="http://www.loc.gov/MARC21/slim
http://www.loc.gov/standards/marcxml/schema/MARC21slim.xsd">
  <leader>     cam  2200397Ka 4500</leader>
  <controlfield tag="001">032559316</controlfield>
  <datafield tag="245" ind1="1" ind2="0">
    <subfield code="a">Pharmacology condensed</subfield>
    <subfield code="h">[electronic resource] /</subfield>
    <subfield code="c">M. M. Dale, D. G. Haylett.</subfield>
  </datafield>
  <datafield tag="500" ind1=" " ind2=" ">
    <subfield code="a">Companion v. to: Pharmacology / H.P. Rang ... [et al.], 6th ed. 2007.</subfield>
  </datafield>
  <datafield tag="500" ind1=" " ind2=" ">
    <subfield code="a">Includes index.</subfield>
  </datafield>
</record>