

<record xmlns="http://www.loc.gov/MARC21/slim"
xmlns:xsi="http://www.w3.org/2001/XMLSchema-instance"
xsi:schemaLocation="http://www.loc.gov/MARC21/slim
http://www.loc.gov/standards/marcxml/schema/MARC21slim.xsd">
  <leader>04202cam  2200409Ia 4500</leader>
  <controlfield tag="001">032526460</controlfield>
  <datafield tag="245" ind1="1" ind2="0">
    <subfield code="a">Problem solving in abdominal imaging with CD-ROM</subfield>
    <subfield code="h">[electronic resource] /</subfield>
    <subfield code="c">Neal C. Dalrymple, John R. Leyendecker, Michael Oliphant.</subfield>
  </datafield>
</record>