

<record xmlns="http://www.loc.gov/MARC21/slim"
xmlns:xsi="http://www.w3.org/2001/XMLSchema-instance"
xsi:schemaLocation="http://www.loc.gov/MARC21/slim
http://www.loc.gov/standards/marcxml/schema/MARC21slim.xsd">
  <leader>02774cam  2200493La 4500</leader>
  <controlfield tag="001">032526720</controlfield>
  <datafield tag="245" ind1="1" ind2="0">
    <subfield code="a">Essential orthopaedics and trauma</subfield>
    <subfield code="h">[electronic resource] /</subfield>
    <subfield code="c">David J. Dandy, Dennis J. Edwards.</subfield>
  </datafield>
</record>