

<record xmlns="http://www.loc.gov/MARC21/slim"
xmlns:xsi="http://www.w3.org/2001/XMLSchema-instance"
xsi:schemaLocation="http://www.loc.gov/MARC21/slim
http://www.loc.gov/standards/marcxml/schema/MARC21slim.xsd">
  <leader>01727cam  2200469Ia 4500</leader>
  <controlfield tag="001">031995660</controlfield>
  <datafield tag="245" ind1="1" ind2="0">
    <subfield code="a">Pediatric imaging</subfield>
    <subfield code="h">[electronic resource] :</subfield>
    <subfield code="b">the fundamentals /</subfield>
    <subfield code="c">Lane F. Donnelly.</subfield>
  </datafield>
</record>