

<record xmlns="http://www.loc.gov/MARC21/slim"
xmlns:xsi="http://www.w3.org/2001/XMLSchema-instance"
xsi:schemaLocation="http://www.loc.gov/MARC21/slim
http://www.loc.gov/standards/marcxml/schema/MARC21slim.xsd">
  <leader>03134cam  2200589Ka 4500</leader>
  <controlfield tag="001">032526610</controlfield>
  <datafield tag="245" ind1="1" ind2="0">
    <subfield code="a">Illustrated orthopedic physical assessment</subfield>
    <subfield code="h">[electronic resource] /</subfield>
    <subfield code="c">Ronald C. Evans.</subfield>
  </datafield>
  <datafield tag="500" ind1=" " ind2=" ">
    <subfield code="a">First ed. published under the title: Illustrated essentials in orthopedic physical assessment.</subfield>
  </datafield>
</record>