

<record xmlns="http://www.loc.gov/MARC21/slim"
xmlns:xsi="http://www.w3.org/2001/XMLSchema-instance"
xsi:schemaLocation="http://www.loc.gov/MARC21/slim
http://www.loc.gov/standards/marcxml/schema/MARC21slim.xsd">
  <leader>     cam  2200421Ka 4500</leader>
  <controlfield tag="001">032547831</controlfield>
  <datafield tag="245" ind1="1" ind2="0">
    <subfield code="a">Ferri&apos;s color atlas and text of clinical medicine</subfield>
    <subfield code="h">[electronic resource] /</subfield>
    <subfield code="c">Fred F. Ferri.</subfield>
  </datafield>
  <datafield tag="500" ind1=" " ind2=" ">
    <subfield code="a">&quot;An Expert consult title&quot;--Cover.</subfield>
  </datafield>
</record>