

<record xmlns="http://www.loc.gov/MARC21/slim"
xmlns:xsi="http://www.w3.org/2001/XMLSchema-instance"
xsi:schemaLocation="http://www.loc.gov/MARC21/slim
http://www.loc.gov/standards/marcxml/schema/MARC21slim.xsd">
  <leader>     cam  2200601Ia 4500</leader>
  <controlfield tag="001">032561433</controlfield>
  <datafield tag="245" ind1="1" ind2="0">
    <subfield code="a">Posttraumatic stress disorder</subfield>
    <subfield code="h">[electronic resource] :</subfield>
    <subfield code="b">scientific and professional dimensions /</subfield>
    <subfield code="c">Julian D. Ford.</subfield>
  </datafield>
</record>