

<record xmlns="http://www.loc.gov/MARC21/slim"
xmlns:xsi="http://www.w3.org/2001/XMLSchema-instance"
xsi:schemaLocation="http://www.loc.gov/MARC21/slim
http://www.loc.gov/standards/marcxml/schema/MARC21slim.xsd">
  <leader>     cam  22005174a 4500</leader>
  <controlfield tag="001">032557624</controlfield>
  <datafield tag="245" ind1="1" ind2="0">
    <subfield code="a">Hinman&apos;s atlas of pediatric urologic surgery</subfield>
    <subfield code="h">[electronic resource] /</subfield>
    <subfield code="c">Frank Hinman Jr., Laurence S. Baskin ; illustrated by Paul H. Stempen ; illustrations supplemented by Jeanne Koelling.</subfield>
  </datafield>
  <datafield tag="500" ind1=" " ind2=" ">
    <subfield code="a">Portions of this book, including both text and illustrations, have appeared previously in the Atlas of urologic surgery, 2nd Edition, by Frank Hinman, Jr., published by W.B. Saunders Company, 1998.</subfield>
  </datafield>
</record>