

<record xmlns="http://www.loc.gov/MARC21/slim"
xmlns:xsi="http://www.w3.org/2001/XMLSchema-instance"
xsi:schemaLocation="http://www.loc.gov/MARC21/slim
http://www.loc.gov/standards/marcxml/schema/MARC21slim.xsd">
  <leader>05024cam  2200613Ia 4500</leader>
  <controlfield tag="001">032526447</controlfield>
  <datafield tag="245" ind1="1" ind2="0">
    <subfield code="a">Atlas of abdominoplasty</subfield>
    <subfield code="h">[electronic resource] /</subfield>
    <subfield code="c">Joseph P. Hunstad and Remus Repta.</subfield>
  </datafield>
</record>