

<record xmlns="http://www.loc.gov/MARC21/slim"
xmlns:xsi="http://www.w3.org/2001/XMLSchema-instance"
xsi:schemaLocation="http://www.loc.gov/MARC21/slim
http://www.loc.gov/standards/marcxml/schema/MARC21slim.xsd">
  <leader>06182cam  2200613Ia 4500</leader>
  <controlfield tag="001">032526428</controlfield>
  <datafield tag="245" ind1="1" ind2="0">
    <subfield code="a">Complications of myocardial infarction</subfield>
    <subfield code="h">[electronic resource] :</subfield>
    <subfield code="b">clinical diagnostic imaging atlas /</subfield>
    <subfield code="c">Stuart J. Hutchison.</subfield>
  </datafield>
  <datafield tag="500" ind1=" " ind2=" ">
    <subfield code="a">&quot;Originaly artwork and animations by Gail Radakewich, Myra Rudakewich, and Stuart J. Hutchison.&quot;</subfield>
  </datafield>
</record>