

<record xmlns="http://www.loc.gov/MARC21/slim"
xmlns:xsi="http://www.w3.org/2001/XMLSchema-instance"
xsi:schemaLocation="http://www.loc.gov/MARC21/slim
http://www.loc.gov/standards/marcxml/schema/MARC21slim.xsd">
  <leader>     nam a2200577Ii 4500</leader>
  <controlfield tag="001">034620589</controlfield>
  <datafield tag="245" ind1="1" ind2="0">
    <subfield code="a">McGraw-Hill manual.</subfield>
    <subfield code="p">Colorectal surgery /</subfield>
    <subfield code="c">Andreas M. Kaiser.</subfield>
  </datafield>
</record>