

<record xmlns="http://www.loc.gov/MARC21/slim"
xmlns:xsi="http://www.w3.org/2001/XMLSchema-instance"
xsi:schemaLocation="http://www.loc.gov/MARC21/slim
http://www.loc.gov/standards/marcxml/schema/MARC21slim.xsd">
  <leader>     cam a2200601Ia 4500</leader>
  <controlfield tag="001">024528922</controlfield>
  <datafield tag="245" ind1="1" ind2="4">
    <subfield code="a">The big picture :</subfield>
    <subfield code="b">medical physiology /</subfield>
    <subfield code="c">by Jonathan David Kibble, Colby Ray Halsey.</subfield>
  </datafield>
  <datafield tag="500" ind1=" " ind2=" ">
    <subfield code="a">Includes index.</subfield>
    <subfield code="5">FTS</subfield>
    <subfield code="5">FPeU</subfield>
    <subfield code="5">FTaFA</subfield>
    <subfield code="5">FOFT</subfield>
  </datafield>
  <datafield tag="500" ind1=" " ind2=" ">
    <subfield code="a">Description based on print version record.</subfield>
    <subfield code="5">FTS</subfield>
    <subfield code="5">FPeU</subfield>
    <subfield code="5">FTaFA</subfield>
    <subfield code="5">FOFT</subfield>
  </datafield>
  <datafield tag="500" ind1=" " ind2=" ">
    <subfield code="a">Includes index.</subfield>
  </datafield>
</record>