

<record xmlns="http://www.loc.gov/MARC21/slim"
xmlns:xsi="http://www.w3.org/2001/XMLSchema-instance"
xsi:schemaLocation="http://www.loc.gov/MARC21/slim
http://www.loc.gov/standards/marcxml/schema/MARC21slim.xsd">
  <leader>04723cam  2200601Ia 4500</leader>
  <controlfield tag="001">032526406</controlfield>
  <datafield tag="245" ind1="1" ind2="0">
    <subfield code="a">Diagnostic problems in breast pathology</subfield>
    <subfield code="h">[electronic resource] /</subfield>
    <subfield code="c">Frederick C. Koerner.</subfield>
  </datafield>
  <datafield tag="500" ind1=" " ind2=" ">
    <subfield code="a">&quot;An Expert consult title&quot;--Cover.</subfield>
  </datafield>
</record>