

<record xmlns="http://www.loc.gov/MARC21/slim"
xmlns:xsi="http://www.w3.org/2001/XMLSchema-instance"
xsi:schemaLocation="http://www.loc.gov/MARC21/slim
http://www.loc.gov/standards/marcxml/schema/MARC21slim.xsd">
  <leader>     cam  22003974a 4500</leader>
  <controlfield tag="001">021155597</controlfield>
  <datafield tag="245" ind1="1" ind2="0">
    <subfield code="a">Brain imaging :</subfield>
    <subfield code="b">case review /</subfield>
    <subfield code="c">Laurie L. [i.e. A.] Loevner.</subfield>
  </datafield>
  <datafield tag="500" ind1=" " ind2=" ">
    <subfield code="a">With cross-references to: Neuroradiology / Robert I. Grossman, David M. Yousem. 2nd ed. c2003.</subfield>
    <subfield code="5">FTS</subfield>
  </datafield>
</record>