

<record xmlns="http://www.loc.gov/MARC21/slim"
xmlns:xsi="http://www.w3.org/2001/XMLSchema-instance"
xsi:schemaLocation="http://www.loc.gov/MARC21/slim
http://www.loc.gov/standards/marcxml/schema/MARC21slim.xsd">
  <leader>     cam  2200337Ia 4500</leader>
  <datafield tag="245" ind1="1" ind2="4">
    <subfield code="a">The rural health care dilemma /</subfield>
    <subfield code="c">Eron Grant Manusov.</subfield>
  </datafield>
</record>