

<record xmlns="http://www.loc.gov/MARC21/slim"
xmlns:xsi="http://www.w3.org/2001/XMLSchema-instance"
xsi:schemaLocation="http://www.loc.gov/MARC21/slim
http://www.loc.gov/standards/marcxml/schema/MARC21slim.xsd">
  <leader>     cam  22005054a 4500</leader>
  <controlfield tag="001">020380525</controlfield>
  <datafield tag="245" ind1="1" ind2="0">
    <subfield code="a">Medical microbiology /</subfield>
    <subfield code="c">Patrick R. Murray, Ken S. Rosenthal, Michael A. Pfaller.</subfield>
  </datafield>
</record>