

<record xmlns="http://www.loc.gov/MARC21/slim"
xmlns:xsi="http://www.w3.org/2001/XMLSchema-instance"
xsi:schemaLocation="http://www.loc.gov/MARC21/slim
http://www.loc.gov/standards/marcxml/schema/MARC21slim.xsd">
  <leader>05001cam  2200637Ka 4500</leader>
  <controlfield tag="001">032526737</controlfield>
  <datafield tag="245" ind1="1" ind2="0">
    <subfield code="a">Instant work-ups</subfield>
    <subfield code="h">[electronic resource] :</subfield>
    <subfield code="b">a clinical guide to obstetric and gynecologic care /</subfield>
    <subfield code="c">Theodore X. O&apos;Connell, Kathleen Dor.</subfield>
  </datafield>
</record>