

<record xmlns="http://www.loc.gov/MARC21/slim"
xmlns:xsi="http://www.w3.org/2001/XMLSchema-instance"
xsi:schemaLocation="http://www.loc.gov/MARC21/slim
http://www.loc.gov/standards/marcxml/schema/MARC21slim.xsd">
  <leader>02752cam  2200469Ia 4500</leader>
  <controlfield tag="001">032526722</controlfield>
  <datafield tag="245" ind1="1" ind2="0">
    <subfield code="a">Basic and clinical immunology</subfield>
    <subfield code="h">[electronic resource] /</subfield>
    <subfield code="c">Mark Peakman, Diego Vergani ; illustrated by Robert Britton and Ethan Danielson.</subfield>
  </datafield>
</record>