

<record xmlns="http://www.loc.gov/MARC21/slim"
xmlns:xsi="http://www.w3.org/2001/XMLSchema-instance"
xsi:schemaLocation="http://www.loc.gov/MARC21/slim
http://www.loc.gov/standards/marcxml/schema/MARC21slim.xsd">
  <leader>02887cam  22004694a 4500</leader>
  <controlfield tag="001">032526953</controlfield>
  <datafield tag="245" ind1="1" ind2="0">
    <subfield code="a">Practical neuroimaging in stroke</subfield>
    <subfield code="h">[electronic resource]:</subfield>
    <subfield code="b">a case-based approach /</subfield>
    <subfield code="c">Alejandro A. Rabinstein, Steven J. Resnick.</subfield>
  </datafield>
</record>