

<record xmlns="http://www.loc.gov/MARC21/slim"
xmlns:xsi="http://www.w3.org/2001/XMLSchema-instance"
xsi:schemaLocation="http://www.loc.gov/MARC21/slim
http://www.loc.gov/standards/marcxml/schema/MARC21slim.xsd">
  <leader>03001cam  2200529Ka 4500</leader>
  <controlfield tag="001">031858659</controlfield>
  <datafield tag="245" ind1="1" ind2="0">
    <subfield code="a">Trigger points and muscle chains in osteopathy</subfield>
    <subfield code="h">[electronic resource] /</subfield>
    <subfield code="c">Philipp Richter, Eric Hebgen ; [translator, Sabine Wilms].</subfield>
  </datafield>
  <datafield tag="500" ind1=" " ind2=" ">
    <subfield code="a">&quot;This book is an authorized and revised translation of the 2nd German edition published and copyrighted 2007 by Georg Thieme Verlag, Stuttgart, Germany.&quot;--T.p. verso.</subfield>
  </datafield>
</record>