

<record xmlns="http://www.loc.gov/MARC21/slim"
xmlns:xsi="http://www.w3.org/2001/XMLSchema-instance"
xsi:schemaLocation="http://www.loc.gov/MARC21/slim
http://www.loc.gov/standards/marcxml/schema/MARC21slim.xsd">
  <leader>05079cam  2200709Ia 4500</leader>
  <controlfield tag="001">032526411</controlfield>
  <datafield tag="245" ind1="1" ind2="0">
    <subfield code="a">Essentials of breast surgery</subfield>
    <subfield code="h">[electronic resource] /</subfield>
    <subfield code="c">Michael S. Sabel.</subfield>
  </datafield>
</record>