

<record xmlns="http://www.loc.gov/MARC21/slim"
xmlns:xsi="http://www.w3.org/2001/XMLSchema-instance"
xsi:schemaLocation="http://www.loc.gov/MARC21/slim
http://www.loc.gov/standards/marcxml/schema/MARC21slim.xsd">
  <leader>     cam  2200349Ia 4500</leader>
  <controlfield tag="001">030856416</controlfield>
  <datafield tag="245" ind1="1" ind2="0">
    <subfield code="a">Stahl&apos;s essential psychopharmacology</subfield>
    <subfield code="h">[electronic resource] :</subfield>
    <subfield code="b">the prescriber&apos;s guide /</subfield>
    <subfield code="c">Stephen M. Stahl ; editorial assistant, Meghan M. Grady ; with illustrations by Nancy Muntner.</subfield>
  </datafield>
  <datafield tag="500" ind1=" " ind2=" ">
    <subfield code="a">This book is available on the World Wide Web. Editions may vary. Access is restricted to computers located within Mount Sinai or to those users eligible for remote access services.</subfield>
  </datafield>
  <datafield tag="500" ind1=" " ind2=" ">
    <subfield code="a">Rev. ed. of: Essential psychopharmacology : the prescriber&apos;s guide / Stephen M. Stahl. Rev. and updated ed. 2006.</subfield>
  </datafield>
  <datafield tag="500" ind1=" " ind2=" ">
    <subfield code="a">Includes indexes.</subfield>
  </datafield>
</record>