

<record xmlns="http://www.loc.gov/MARC21/slim"
xmlns:xsi="http://www.w3.org/2001/XMLSchema-instance"
xsi:schemaLocation="http://www.loc.gov/MARC21/slim
http://www.loc.gov/standards/marcxml/schema/MARC21slim.xsd">
  <leader>07867cam  2200673Ia 4500</leader>
  <controlfield tag="001">032526413</controlfield>
  <datafield tag="245" ind1="1" ind2="0">
    <subfield code="a">Becker-Shaffer&apos;s diagnosis and therapy of the glaucomas</subfield>
    <subfield code="h">[electronic resource].</subfield>
  </datafield>
</record>