

<record xmlns="http://www.loc.gov/MARC21/slim"
xmlns:xsi="http://www.w3.org/2001/XMLSchema-instance"
xsi:schemaLocation="http://www.loc.gov/MARC21/slim
http://www.loc.gov/standards/marcxml/schema/MARC21slim.xsd">
  <leader>     nam  22004214a 4500</leader>
  <controlfield tag="001">022133582</controlfield>
  <datafield tag="245" ind1="1" ind2="4">
    <subfield code="a">The retina in systemic disease</subfield>
    <subfield code="h">[electronic resource] :</subfield>
    <subfield code="b">a color manual of ophthalmoscopy /</subfield>
    <subfield code="c">Homayoun Tabandeh, Morton F. Goldberg.</subfield>
  </datafield>
  <datafield tag="500" ind1=" " ind2=" ">
    <subfield code="a">Includes index.</subfield>
    <subfield code="5">FMFIU</subfield>
    <subfield code="5">FTaSU</subfield>
  </datafield>
  <datafield tag="500" ind1=" " ind2=" ">
    <subfield code="a">Title from Thieme&apos;s title page (viewed June 10, 2010).</subfield>
    <subfield code="5">FTaSU</subfield>
    <subfield code="5">FMFIU</subfield>
  </datafield>
</record>