

<record xmlns="http://www.loc.gov/MARC21/slim"
xmlns:xsi="http://www.w3.org/2001/XMLSchema-instance"
xsi:schemaLocation="http://www.loc.gov/MARC21/slim
http://www.loc.gov/standards/marcxml/schema/MARC21slim.xsd">
  <leader>02643cam  2200493Ka 4500</leader>
  <controlfield tag="001">032526546</controlfield>
  <datafield tag="245" ind1="1" ind2="0">
    <subfield code="a">Histology</subfield>
    <subfield code="h">[electronic resource] :</subfield>
    <subfield code="b">an identification manual /</subfield>
    <subfield code="c">Robert B. Tallitsch ; Ronald S. Guastaferri, art coordinator and illustrator.</subfield>
  </datafield>
  <datafield tag="500" ind1=" " ind2=" ">
    <subfield code="a">Includes index.</subfield>
  </datafield>
</record>