

<record xmlns="http://www.loc.gov/MARC21/slim"
xmlns:xsi="http://www.w3.org/2001/XMLSchema-instance"
xsi:schemaLocation="http://www.loc.gov/MARC21/slim
http://www.loc.gov/standards/marcxml/schema/MARC21slim.xsd">
  <leader>     cam  22004814a 4500</leader>
  <controlfield tag="001">021923965</controlfield>
  <datafield tag="245" ind1="1" ind2="0">
    <subfield code="a">Case files.</subfield>
    <subfield code="p">Internal medicine /</subfield>
    <subfield code="c">Eugene C. Toy, John T. Patlan, Jr.</subfield>
  </datafield>
  <datafield tag="500" ind1=" " ind2=" ">
    <subfield code="a">Rev. ed. of: Case files. Internal medicine / [edited by] Eugene C. Toy ... [et al.]. 2nd ed. c2006.</subfield>
    <subfield code="5">FTaSU</subfield>
  </datafield>
</record>