

<record xmlns="http://www.loc.gov/MARC21/slim"
xmlns:xsi="http://www.w3.org/2001/XMLSchema-instance"
xsi:schemaLocation="http://www.loc.gov/MARC21/slim
http://www.loc.gov/standards/marcxml/schema/MARC21slim.xsd">
  <leader>     cam  2200553Ii 4500</leader>
  <controlfield tag="001">033914729</controlfield>
  <datafield tag="245" ind1="0" ind2="0">
    <subfield code="a">Study guide to psychopharmacology :</subfield>
    <subfield code="b">a companion to the American Psychiatric Publishing textbook of psychopharmacology, fourth edition /</subfield>
    <subfield code="c">Robert E. Hales, Narriman C. Shahrokh, Alan F. Schatzberg, Charles B. Nemeroff.</subfield>
  </datafield>
</record>