

<record xmlns="http://www.loc.gov/MARC21/slim"
xmlns:xsi="http://www.w3.org/2001/XMLSchema-instance"
xsi:schemaLocation="http://www.loc.gov/MARC21/slim
http://www.loc.gov/standards/marcxml/schema/MARC21slim.xsd">
  <leader>08029cam  2200673Ia 4500</leader>
  <controlfield tag="001">033017734</controlfield>
  <datafield tag="245" ind1="0" ind2="0">
    <subfield code="a">Sleep apnea and snoring</subfield>
    <subfield code="h">[electronic resource] :</subfield>
    <subfield code="b">surgical and non-surgical therapy /</subfield>
    <subfield code="c">[edited by] Michael Friedman.</subfield>
  </datafield>
</record>