

<record xmlns="http://www.loc.gov/MARC21/slim"
xmlns:xsi="http://www.w3.org/2001/XMLSchema-instance"
xsi:schemaLocation="http://www.loc.gov/MARC21/slim
http://www.loc.gov/standards/marcxml/schema/MARC21slim.xsd">
  <leader>04257nam  2200433 i 4500</leader>
  <controlfield tag="001">032983662</controlfield>
  <datafield tag="245" ind1="0" ind2="0">
    <subfield code="a">Kaplan &amp; Sadock&apos;s comprehensive textbook of psychiatry /</subfield>
    <subfield code="c">editors, Benjamin J. Sadock, Virginia A. Sadock, Pedro Ruiz ; contributing editors, Carol A. Tamminga [and ten others].</subfield>
  </datafield>
  <datafield tag="590" ind1=" " ind2=" ">
    <subfield code="a">Electronic reproduction. Palo Alto, Calif. : ebrary, 2014. Available via World Wide Web. Access may be limited to ebrary affiliated libraries.</subfield>
  </datafield>
</record>