

<record xmlns="http://www.loc.gov/MARC21/slim"
xmlns:xsi="http://www.w3.org/2001/XMLSchema-instance"
xsi:schemaLocation="http://www.loc.gov/MARC21/slim
http://www.loc.gov/standards/marcxml/schema/MARC21slim.xsd">
  <leader>     cam  2200433Ka 4500</leader>
  <controlfield tag="001">032563791</controlfield>
  <datafield tag="245" ind1="0" ind2="0">
    <subfield code="a">Lasers and non-surgical rejuvenation</subfield>
    <subfield code="h">[electronic resource] /</subfield>
    <subfield code="c">edited by Barry DiBernardo, Jason N. Pozner.</subfield>
  </datafield>
</record>