

<record xmlns="http://www.loc.gov/MARC21/slim"
xmlns:xsi="http://www.w3.org/2001/XMLSchema-instance"
xsi:schemaLocation="http://www.loc.gov/MARC21/slim
http://www.loc.gov/standards/marcxml/schema/MARC21slim.xsd">
  <leader>     cam  2200385Ka 4500</leader>
  <controlfield tag="001">032536191</controlfield>
  <datafield tag="245" ind1="0" ind2="0">
    <subfield code="a">Atlas of cosmetic surgery</subfield>
    <subfield code="h">[electronic resource] /</subfield>
    <subfield code="c">[edited by] Michael S. Kaminer ... [et al.].</subfield>
  </datafield>
  <datafield tag="500" ind1=" " ind2=" ">
    <subfield code="a">Previous ed.: 2002.</subfield>
  </datafield>
</record>