

<record xmlns="http://www.loc.gov/MARC21/slim"
xmlns:xsi="http://www.w3.org/2001/XMLSchema-instance"
xsi:schemaLocation="http://www.loc.gov/MARC21/slim
http://www.loc.gov/standards/marcxml/schema/MARC21slim.xsd">
  <leader>     cam  2200517Ka 4500</leader>
  <controlfield tag="001">032536112</controlfield>
  <datafield tag="245" ind1="0" ind2="0">
    <subfield code="a">Aesthetic plastic surgery</subfield>
    <subfield code="h">[electronic resource] /</subfield>
    <subfield code="c">[edited by] Sherell J. Aston, Douglas S. Steinbrech, Jennifer L. Walden.</subfield>
  </datafield>
</record>