

<record xmlns="http://www.loc.gov/MARC21/slim"
xmlns:xsi="http://www.w3.org/2001/XMLSchema-instance"
xsi:schemaLocation="http://www.loc.gov/MARC21/slim
http://www.loc.gov/standards/marcxml/schema/MARC21slim.xsd">
  <leader>02108cam  2200529Ii 4500</leader>
  <controlfield tag="001">032527101</controlfield>
  <datafield tag="245" ind1="0" ind2="0">
    <subfield code="a">Emergency radiology :</subfield>
    <subfield code="b">case review /</subfield>
    <subfield code="c">Stuart E. Mirvis, Kathirkamanathan Shanmuganathan, Lisa A. Miller, Clint W. Sliker</subfield>
  </datafield>
</record>