

<record xmlns="http://www.loc.gov/MARC21/slim"
xmlns:xsi="http://www.w3.org/2001/XMLSchema-instance"
xsi:schemaLocation="http://www.loc.gov/MARC21/slim
http://www.loc.gov/standards/marcxml/schema/MARC21slim.xsd">
  <leader>04510cam  2200661Ka 4500</leader>
  <controlfield tag="001">032526985</controlfield>
  <datafield tag="245" ind1="0" ind2="0">
    <subfield code="a">Fetal medicine</subfield>
    <subfield code="h">[electronic resource] :</subfield>
    <subfield code="b">basic science and clinical practice /</subfield>
    <subfield code="c">edited by Charles H. Rodeck and Martin J. Whittle ; foreword by John Queenan.</subfield>
  </datafield>
</record>