

<record xmlns="http://www.loc.gov/MARC21/slim"
xmlns:xsi="http://www.w3.org/2001/XMLSchema-instance"
xsi:schemaLocation="http://www.loc.gov/MARC21/slim
http://www.loc.gov/standards/marcxml/schema/MARC21slim.xsd">
  <leader>01657cam  22003854a 4500</leader>
  <controlfield tag="001">032526952</controlfield>
  <datafield tag="245" ind1="0" ind2="0">
    <subfield code="a">Practical guide to the care of the surgical patient</subfield>
    <subfield code="h">[electronic resource] :</subfield>
    <subfield code="b">the pocket scalpel /</subfield>
    <subfield code="c">[edited by] Tom C. Nguyen, Oscar J. Abilez.</subfield>
  </datafield>
  <datafield tag="500" ind1=" " ind2=" ">
    <subfield code="a">Includes index.</subfield>
  </datafield>
</record>