

<record xmlns="http://www.loc.gov/MARC21/slim"
xmlns:xsi="http://www.w3.org/2001/XMLSchema-instance"
xsi:schemaLocation="http://www.loc.gov/MARC21/slim
http://www.loc.gov/standards/marcxml/schema/MARC21slim.xsd">
  <leader>01896cam  2200397Ia 4500</leader>
  <controlfield tag="001">032526951</controlfield>
  <datafield tag="245" ind1="0" ind2="0">
    <subfield code="a">Plastic surgery</subfield>
    <subfield code="h">[electronic resource] :</subfield>
    <subfield code="b">indications and practice /</subfield>
    <subfield code="c">Bahman Guyuron ... [et al.], [editors].</subfield>
  </datafield>
</record>