

<record xmlns="http://www.loc.gov/MARC21/slim"
xmlns:xsi="http://www.w3.org/2001/XMLSchema-instance"
xsi:schemaLocation="http://www.loc.gov/MARC21/slim
http://www.loc.gov/standards/marcxml/schema/MARC21slim.xsd">
  <leader>01610cam  2200409Ka 4500</leader>
  <controlfield tag="001">032526889</controlfield>
  <datafield tag="245" ind1="0" ind2="0">
    <subfield code="a">Arthritis &amp; arthroplasty.</subfield>
    <subfield code="p">The knee</subfield>
    <subfield code="h">[electronic resource] /</subfield>
    <subfield code="c">edited by Thomas E. Brown ... [et al.].</subfield>
  </datafield>
</record>