

<record xmlns="http://www.loc.gov/MARC21/slim"
xmlns:xsi="http://www.w3.org/2001/XMLSchema-instance"
xsi:schemaLocation="http://www.loc.gov/MARC21/slim
http://www.loc.gov/standards/marcxml/schema/MARC21slim.xsd">
  <leader>03872cam  2200661Ka 4500</leader>
  <controlfield tag="001">032526842</controlfield>
  <datafield tag="245" ind1="0" ind2="0">
    <subfield code="a">Musculoskeletal MRI</subfield>
    <subfield code="h">[electronic resource] /</subfield>
    <subfield code="c">Clyde A. Helms ... [et al.].</subfield>
  </datafield>
</record>