

<record xmlns="http://www.loc.gov/MARC21/slim"
xmlns:xsi="http://www.w3.org/2001/XMLSchema-instance"
xsi:schemaLocation="http://www.loc.gov/MARC21/slim
http://www.loc.gov/standards/marcxml/schema/MARC21slim.xsd">
  <leader>05422cam  2200517Ka 4500</leader>
  <controlfield tag="001">032526739</controlfield>
  <datafield tag="245" ind1="0" ind2="0">
    <subfield code="a">General dermatology</subfield>
    <subfield code="h">[electronic resource] /</subfield>
    <subfield code="c">edited by Kathryn Schwarzenberger, Andrew E. Werchniak, Christine J. Ko.</subfield>
  </datafield>
</record>