

<record xmlns="http://www.loc.gov/MARC21/slim"
xmlns:xsi="http://www.w3.org/2001/XMLSchema-instance"
xsi:schemaLocation="http://www.loc.gov/MARC21/slim
http://www.loc.gov/standards/marcxml/schema/MARC21slim.xsd">
  <leader>04319cam  2200529Ka 4500</leader>
  <controlfield tag="001">032526696</controlfield>
  <datafield tag="245" ind1="0" ind2="0">
    <subfield code="a">Pharmacology and therapeutics</subfield>
    <subfield code="h">[electronic resource] :</subfield>
    <subfield code="b">principles to practice /</subfield>
    <subfield code="c">[edited by] Scott A. Waldman, Andre Terzic.</subfield>
  </datafield>
  <datafield tag="500" ind1=" " ind2=" ">
    <subfield code="a">&quot;An Expert consult title&quot;--Cover.</subfield>
  </datafield>
</record>