

<record xmlns="http://www.loc.gov/MARC21/slim"
xmlns:xsi="http://www.w3.org/2001/XMLSchema-instance"
xsi:schemaLocation="http://www.loc.gov/MARC21/slim
http://www.loc.gov/standards/marcxml/schema/MARC21slim.xsd">
  <leader>05858cam  2200613Ia 4500</leader>
  <controlfield tag="001">032526494</controlfield>
  <datafield tag="245" ind1="0" ind2="4">
    <subfield code="a">The neuroscience of sleep</subfield>
    <subfield code="h">[electronic resource] /</subfield>
    <subfield code="c">editors-in-chief, Robert Stickgold, Matthew P. Walker.</subfield>
  </datafield>
</record>