

<record xmlns="http://www.loc.gov/MARC21/slim"
xmlns:xsi="http://www.w3.org/2001/XMLSchema-instance"
xsi:schemaLocation="http://www.loc.gov/MARC21/slim
http://www.loc.gov/standards/marcxml/schema/MARC21slim.xsd">
  <leader>03727cam  2200613Ia 4500</leader>
  <controlfield tag="001">032526462</controlfield>
  <datafield tag="245" ind1="0" ind2="4">
    <subfield code="a">The elbow and its disorders</subfield>
    <subfield code="h">[electronic resource] /</subfield>
    <subfield code="c">[edited by] Bernard F. Morrey, Joaquin Sanchez-Sotelo.</subfield>
  </datafield>
  <datafield tag="500" ind1=" " ind2=" ">
    <subfield code="a">&quot;An expert consult&quot;--Cover.</subfield>
  </datafield>
</record>