

<record xmlns="http://www.loc.gov/MARC21/slim"
xmlns:xsi="http://www.w3.org/2001/XMLSchema-instance"
xsi:schemaLocation="http://www.loc.gov/MARC21/slim
http://www.loc.gov/standards/marcxml/schema/MARC21slim.xsd">
  <leader>05308cam  2200577Ia 4500</leader>
  <controlfield tag="001">032526456</controlfield>
  <datafield tag="245" ind1="0" ind2="0">
    <subfield code="a">Oncology of infancy and childhood</subfield>
    <subfield code="h">[electronic resource] /</subfield>
    <subfield code="c">Stuart H. Orkin ... [et al.].</subfield>
  </datafield>
  <datafield tag="500" ind1=" " ind2=" ">
    <subfield code="a">&quot;An Expert consult title&quot;--Cover.</subfield>
  </datafield>
</record>