

<record xmlns="http://www.loc.gov/MARC21/slim"
xmlns:xsi="http://www.w3.org/2001/XMLSchema-instance"
xsi:schemaLocation="http://www.loc.gov/MARC21/slim
http://www.loc.gov/standards/marcxml/schema/MARC21slim.xsd">
  <leader>08561cam  2200625Ia 4500</leader>
  <controlfield tag="001">032526444</controlfield>
  <datafield tag="245" ind1="0" ind2="0">
    <subfield code="a">Congenital heart disease in adults</subfield>
    <subfield code="h">[electronic resource] /</subfield>
    <subfield code="c">Joseph K. Perloff, John S. Child, Jamil Aboulhosn.</subfield>
  </datafield>
</record>