

<record xmlns="http://www.loc.gov/MARC21/slim"
xmlns:xsi="http://www.w3.org/2001/XMLSchema-instance"
xsi:schemaLocation="http://www.loc.gov/MARC21/slim
http://www.loc.gov/standards/marcxml/schema/MARC21slim.xsd">
  <leader>08609cam  2200577Ia 4500</leader>
  <controlfield tag="001">032526434</controlfield>
  <datafield tag="245" ind1="0" ind2="4">
    <subfield code="a">The breast</subfield>
    <subfield code="h">[electronic resource] :</subfield>
    <subfield code="b">comprehensive management of benign and malignant diseases /</subfield>
    <subfield code="c">[edited by] Kirby I. Bland, Edward M. Copeland III.</subfield>
  </datafield>
</record>