

<record xmlns="http://www.loc.gov/MARC21/slim"
xmlns:xsi="http://www.w3.org/2001/XMLSchema-instance"
xsi:schemaLocation="http://www.loc.gov/MARC21/slim
http://www.loc.gov/standards/marcxml/schema/MARC21slim.xsd">
  <leader>04765cam  2200589Ia 4500</leader>
  <controlfield tag="001">032526426</controlfield>
  <datafield tag="245" ind1="0" ind2="0">
    <subfield code="a">Clinical management of thyroid disease</subfield>
    <subfield code="h">[electronic resource] /</subfield>
    <subfield code="c">edited by Fredric E. Wondisford, Sally Radovick.</subfield>
  </datafield>
</record>