

<record xmlns="http://www.loc.gov/MARC21/slim"
xmlns:xsi="http://www.w3.org/2001/XMLSchema-instance"
xsi:schemaLocation="http://www.loc.gov/MARC21/slim
http://www.loc.gov/standards/marcxml/schema/MARC21slim.xsd">
  <leader>06352cam  2200649Ia 4500</leader>
  <controlfield tag="001">032526422</controlfield>
  <datafield tag="245" ind1="0" ind2="0">
    <subfield code="a">Oncoplastic surgery of the breast</subfield>
    <subfield code="h">[electronic resource] /</subfield>
    <subfield code="c">[edited by] Maurice Y. Nahabedian.</subfield>
  </datafield>
  <datafield tag="500" ind1=" " ind2=" ">
    <subfield code="a">DVD includes clips of procedures performed in real time.</subfield>
  </datafield>
</record>