

<record xmlns="http://www.loc.gov/MARC21/slim"
xmlns:xsi="http://www.w3.org/2001/XMLSchema-instance"
xsi:schemaLocation="http://www.loc.gov/MARC21/slim
http://www.loc.gov/standards/marcxml/schema/MARC21slim.xsd">
  <leader>05548cam  2200721Ia 4500</leader>
  <controlfield tag="001">032526418</controlfield>
  <datafield tag="245" ind1="0" ind2="0">
    <subfield code="a">Parkland trauma handbook</subfield>
    <subfield code="h">[electronic resource] /</subfield>
    <subfield code="c">edited by Alexander L. Eastman, David H. Rosenbaum, Erwin R. Thal.</subfield>
  </datafield>
</record>