

<record xmlns="http://www.loc.gov/MARC21/slim"
xmlns:xsi="http://www.w3.org/2001/XMLSchema-instance"
xsi:schemaLocation="http://www.loc.gov/MARC21/slim
http://www.loc.gov/standards/marcxml/schema/MARC21slim.xsd">
  <leader>07067cam  2200637Ia 4500</leader>
  <controlfield tag="001">032526416</controlfield>
  <datafield tag="245" ind1="0" ind2="0">
    <subfield code="a">Clinical mycology</subfield>
    <subfield code="h">[electronic resource] /</subfield>
    <subfield code="c">[edited by] Elias J. Anaissie, Michael R. McGinnis, Michael A. Pfaller.</subfield>
  </datafield>
</record>