

<record xmlns="http://www.loc.gov/MARC21/slim"
xmlns:xsi="http://www.w3.org/2001/XMLSchema-instance"
xsi:schemaLocation="http://www.loc.gov/MARC21/slim
http://www.loc.gov/standards/marcxml/schema/MARC21slim.xsd">
  <leader>03371cam  2200613Ia 4500</leader>
  <controlfield tag="001">032526415</controlfield>
  <datafield tag="245" ind1="0" ind2="0">
    <subfield code="a">Evidence-based orthopaedics</subfield>
    <subfield code="h">[electronic resource] :</subfield>
    <subfield code="b">the best answers to clinical questions /</subfield>
    <subfield code="c">[edited by] James G. Wright ; section editors, Henry Ahn ... [et al.].</subfield>
  </datafield>
  <datafield tag="500" ind1=" " ind2=" ">
    <subfield code="a">&quot;An Expert consult title&quot;--Cover.</subfield>
  </datafield>
</record>