

<record xmlns="http://www.loc.gov/MARC21/slim"
xmlns:xsi="http://www.w3.org/2001/XMLSchema-instance"
xsi:schemaLocation="http://www.loc.gov/MARC21/slim
http://www.loc.gov/standards/marcxml/schema/MARC21slim.xsd">
  <leader>10310cam  2200649Ia 4500</leader>
  <controlfield tag="001">032526412</controlfield>
  <datafield tag="245" ind1="0" ind2="0">
    <subfield code="a">Fractures and injuries of the distal radius and carpus</subfield>
    <subfield code="h">[electronic resource] :</subfield>
    <subfield code="b">the cutting edge /</subfield>
    <subfield code="c">[edited by] David J. Slutsky, A. Lee Osterman.</subfield>
  </datafield>
  <datafield tag="500" ind1=" " ind2=" ">
    <subfield code="a">&quot;An Expert consult title&quot;--Cover.</subfield>
  </datafield>
</record>