

<record xmlns="http://www.loc.gov/MARC21/slim"
xmlns:xsi="http://www.w3.org/2001/XMLSchema-instance"
xsi:schemaLocation="http://www.loc.gov/MARC21/slim
http://www.loc.gov/standards/marcxml/schema/MARC21slim.xsd">
  <leader>11470cam  2200589Ia 4500</leader>
  <controlfield tag="001">032526408</controlfield>
  <datafield tag="245" ind1="0" ind2="0">
    <subfield code="a">Hughes, Mansel &amp; Webster&apos;s benign disorders and diseases of the breast</subfield>
    <subfield code="h">[electronic resource].</subfield>
  </datafield>
  <datafield tag="500" ind1=" " ind2=" ">
    <subfield code="a">Previous ed.: published as Benign disorders and diseases of the breast by L.E. Hughes, R.E. Mansel and D.J.T. Webster. London: W.B. Saunders, 1999.</subfield>
  </datafield>
</record>