

<record xmlns="http://www.loc.gov/MARC21/slim"
xmlns:xsi="http://www.w3.org/2001/XMLSchema-instance"
xsi:schemaLocation="http://www.loc.gov/MARC21/slim
http://www.loc.gov/standards/marcxml/schema/MARC21slim.xsd">
  <leader>07365cam  2200697Ia 4500</leader>
  <controlfield tag="001">032526401</controlfield>
  <datafield tag="245" ind1="0" ind2="0">
    <subfield code="a">Surgical management of spinal deformities</subfield>
    <subfield code="h">[electronic resource] /</subfield>
    <subfield code="c">[edited by] Thomas J. Errico, Baron S. Lonner, Andrew W. Moulton.</subfield>
  </datafield>
</record>