

<record xmlns="http://www.loc.gov/MARC21/slim"
xmlns:xsi="http://www.w3.org/2001/XMLSchema-instance"
xsi:schemaLocation="http://www.loc.gov/MARC21/slim
http://www.loc.gov/standards/marcxml/schema/MARC21slim.xsd">
  <leader>04792cam  2200625Ia 4500</leader>
  <controlfield tag="001">032526391</controlfield>
  <datafield tag="245" ind1="0" ind2="0">
    <subfield code="a">Gynecologic pathology</subfield>
    <subfield code="h">[electronic resource] :</subfield>
    <subfield code="b">a volume in the series foundations in diagnostic pathology /</subfield>
    <subfield code="c">edited by Marisa R. Nucci, Esther Oliva.</subfield>
  </datafield>
</record>