

<record xmlns="http://www.loc.gov/MARC21/slim"
xmlns:xsi="http://www.w3.org/2001/XMLSchema-instance"
xsi:schemaLocation="http://www.loc.gov/MARC21/slim
http://www.loc.gov/standards/marcxml/schema/MARC21slim.xsd">
  <leader>09570cam  2200541Ia 4500</leader>
  <controlfield tag="001">032526390</controlfield>
  <datafield tag="245" ind1="0" ind2="0">
    <subfield code="a">Botulinum toxin</subfield>
    <subfield code="h">[electronic resource] :</subfield>
    <subfield code="b">therapeutic clinical practice and science /</subfield>
    <subfield code="c">Joseph Jankovic, chief editor ; Alberto Albanese ... [et al.].</subfield>
  </datafield>
</record>