

<record xmlns="http://www.loc.gov/MARC21/slim"
xmlns:xsi="http://www.w3.org/2001/XMLSchema-instance"
xsi:schemaLocation="http://www.loc.gov/MARC21/slim
http://www.loc.gov/standards/marcxml/schema/MARC21slim.xsd">
  <leader>02662cam  2200601Ia 4500</leader>
  <controlfield tag="001">032526304</controlfield>
  <datafield tag="245" ind1="0" ind2="0">
    <subfield code="a">Meyler&apos;s side effects of endocrine and metabolic drugs</subfield>
    <subfield code="h">[electronic resource] /</subfield>
    <subfield code="c">editor, J.K. Aronson.</subfield>
  </datafield>
</record>