

<record xmlns="http://www.loc.gov/MARC21/slim"
xmlns:xsi="http://www.w3.org/2001/XMLSchema-instance"
xsi:schemaLocation="http://www.loc.gov/MARC21/slim
http://www.loc.gov/standards/marcxml/schema/MARC21slim.xsd">
  <leader>02246cam  22004694a 4500</leader>
  <controlfield tag="001">029615058</controlfield>
  <datafield tag="245" ind1="0" ind2="0">
    <subfield code="a">Pocket atlas of Chinese medicine</subfield>
    <subfield code="h">[electronic resource] /</subfield>
    <subfield code="c">edited by Marnae C. Ergil, Kevin V. Ergil ; with contributions by Simon Becker ... [et al.].</subfield>
  </datafield>
  <datafield tag="500" ind1=" " ind2=" ">
    <subfield code="a">Made available through: Thieme ElectronicBook Library.</subfield>
    <subfield code="5">FBoU</subfield>
  </datafield>
  <datafield tag="500" ind1=" " ind2=" ">
    <subfield code="a">Made available through: Thieme ElectronicBook Library.</subfield>
    <subfield code="5">FBoU</subfield>
  </datafield>
</record>