

<record xmlns="http://www.loc.gov/MARC21/slim"
xmlns:xsi="http://www.w3.org/2001/XMLSchema-instance"
xsi:schemaLocation="http://www.loc.gov/MARC21/slim
http://www.loc.gov/standards/marcxml/schema/MARC21slim.xsd">
  <leader>01625cam  22004334a 4500</leader>
  <controlfield tag="001">029614554</controlfield>
  <datafield tag="245" ind1="0" ind2="0">
    <subfield code="a">Anatomic basis of neurologic diagnosis</subfield>
    <subfield code="h">[electronic resource] /</subfield>
    <subfield code="c">Cary D. Alberstone ... [et al.] ; illustrators, Joseph Kanasz, Nichael Norviel.</subfield>
  </datafield>
  <datafield tag="500" ind1=" " ind2=" ">
    <subfield code="a">Made available through: Thieme ElectronicBook Library.</subfield>
    <subfield code="5">FBoU</subfield>
  </datafield>
</record>