

<record xmlns="http://www.loc.gov/MARC21/slim"
xmlns:xsi="http://www.w3.org/2001/XMLSchema-instance"
xsi:schemaLocation="http://www.loc.gov/MARC21/slim
http://www.loc.gov/standards/marcxml/schema/MARC21slim.xsd">
  <leader>03562cam  2200505Ia 4500</leader>
  <controlfield tag="001">029317903</controlfield>
  <datafield tag="245" ind1="0" ind2="0">
    <subfield code="a">Critical care nephrology</subfield>
    <subfield code="h">[electronic resource] /</subfield>
    <subfield code="c">[edited by] Claudio Ronco, Rinaldo Bellomo, John A. Kellum.</subfield>
  </datafield>
  <datafield tag="500" ind1=" " ind2=" ">
    <subfield code="a">&quot;Expert consult&quot;--Cover.</subfield>
    <subfield code="5">FBoU</subfield>
  </datafield>
</record>