

<record xmlns="http://www.loc.gov/MARC21/slim"
xmlns:xsi="http://www.w3.org/2001/XMLSchema-instance"
xsi:schemaLocation="http://www.loc.gov/MARC21/slim
http://www.loc.gov/standards/marcxml/schema/MARC21slim.xsd">
  <leader>04363nam  22004211  4500</leader>
  <controlfield tag="001">028185881</controlfield>
  <datafield tag="245" ind1="0" ind2="0">
    <subfield code="a">Body image, eating disorders, and obesity in youth</subfield>
    <subfield code="h">[electronic resource] :</subfield>
    <subfield code="b">assessment, prevention, and treatment /</subfield>
    <subfield code="c">edited by Linda Smolak and J. Kevin Thompson.</subfield>
  </datafield>
</record>