

<record xmlns="http://www.loc.gov/MARC21/slim"
xmlns:xsi="http://www.w3.org/2001/XMLSchema-instance"
xsi:schemaLocation="http://www.loc.gov/MARC21/slim
http://www.loc.gov/standards/marcxml/schema/MARC21slim.xsd">
  <leader>09307cam  2200589Ia 4500</leader>
  <controlfield tag="001">027466111</controlfield>
  <datafield tag="245" ind1="0" ind2="4">
    <subfield code="a">The athlete&apos;s shoulder</subfield>
    <subfield code="h">[electronic resource] /</subfield>
    <subfield code="c">[edited by] Kevin E. Wilk, Michael M. Reinold, James R. Andrews.</subfield>
  </datafield>
</record>