

<record xmlns="http://www.loc.gov/MARC21/slim"
xmlns:xsi="http://www.w3.org/2001/XMLSchema-instance"
xsi:schemaLocation="http://www.loc.gov/MARC21/slim
http://www.loc.gov/standards/marcxml/schema/MARC21slim.xsd">
  <leader>02381cam  2200433Ia 4500</leader>
  <controlfield tag="001">027466060</controlfield>
  <datafield tag="245" ind1="0" ind2="0">
    <subfield code="a">Clinical neurotoxicology</subfield>
    <subfield code="h">[electronic resource] :</subfield>
    <subfield code="b">syndromes, substances, environments /</subfield>
    <subfield code="c">[edited by] Michael R. Dobbs.</subfield>
  </datafield>
  <datafield tag="500" ind1=" " ind2=" ">
    <subfield code="a">&quot;Expert consult title&quot;--P. [4] of cover.</subfield>
    <subfield code="5">FMFIU</subfield>
  </datafield>
</record>