

<record xmlns="http://www.loc.gov/MARC21/slim"
xmlns:xsi="http://www.w3.org/2001/XMLSchema-instance"
xsi:schemaLocation="http://www.loc.gov/MARC21/slim
http://www.loc.gov/standards/marcxml/schema/MARC21slim.xsd">
  <leader>     cam  2200481Ia 4500</leader>
  <controlfield tag="001">027082724</controlfield>
  <datafield tag="245" ind1="0" ind2="0">
    <subfield code="a">USMLE road map</subfield>
    <subfield code="h">[electronic resource] :</subfield>
    <subfield code="b">pathology /</subfield>
    <subfield code="c">edited by George R. Wettach, Thomas W. Palmrose, Terry K. Morgan.</subfield>
  </datafield>
  <datafield tag="500" ind1=" " ind2=" ">
    <subfield code="a">Title from PDF title page (viewed Sept. 2, 2009).</subfield>
    <subfield code="5">FMFIU</subfield>
  </datafield>
  <datafield tag="500" ind1=" " ind2=" ">
    <subfield code="a">Includes index.</subfield>
    <subfield code="5">FMFIU</subfield>
  </datafield>
</record>