

<record xmlns="http://www.loc.gov/MARC21/slim"
xmlns:xsi="http://www.w3.org/2001/XMLSchema-instance"
xsi:schemaLocation="http://www.loc.gov/MARC21/slim
http://www.loc.gov/standards/marcxml/schema/MARC21slim.xsd">
  <leader>     cam  2200457Ia 4500</leader>
  <controlfield tag="001">026382257</controlfield>
  <datafield tag="245" ind1="0" ind2="0">
    <subfield code="a">Clinical and translational science</subfield>
    <subfield code="h">[electronic resource] :</subfield>
    <subfield code="b">principles of human research /</subfield>
    <subfield code="c">edited by David Robertson, Gordon H. Williams.</subfield>
  </datafield>
</record>