

<record xmlns="http://www.loc.gov/MARC21/slim"
xmlns:xsi="http://www.w3.org/2001/XMLSchema-instance"
xsi:schemaLocation="http://www.loc.gov/MARC21/slim
http://www.loc.gov/standards/marcxml/schema/MARC21slim.xsd">
  <leader>     cam  22003854a 4500</leader>
  <controlfield tag="001">023573127</controlfield>
  <datafield tag="245" ind1="0" ind2="4">
    <subfield code="a">The making of the Northern Ontario School of Medicine :</subfield>
    <subfield code="b">a case study in the history of medical education /</subfield>
    <subfield code="c">edited by Geoffrey Tesson ... [et al.].</subfield>
  </datafield>
</record>