

<record xmlns="http://www.loc.gov/MARC21/slim"
xmlns:xsi="http://www.w3.org/2001/XMLSchema-instance"
xsi:schemaLocation="http://www.loc.gov/MARC21/slim
http://www.loc.gov/standards/marcxml/schema/MARC21slim.xsd">
  <leader>     cam  2200529Ia 4500</leader>
  <controlfield tag="001">023428463</controlfield>
  <datafield tag="245" ind1="0" ind2="0">
    <subfield code="a">Hazzard&apos;s geriatric medicine and gerontology</subfield>
    <subfield code="h">[electronic resource].</subfield>
  </datafield>
  <datafield tag="500" ind1=" " ind2=" ">
    <subfield code="a">Rev. ed. of: Principles of geriatric medicine and gerontology / editors, William R. Hazzard ... [et al.]. 5th ed. c2003.</subfield>
    <subfield code="5">FU</subfield>
    <subfield code="5">FTS</subfield>
  </datafield>
</record>