

<record xmlns="http://www.loc.gov/MARC21/slim"
xmlns:xsi="http://www.w3.org/2001/XMLSchema-instance"
xsi:schemaLocation="http://www.loc.gov/MARC21/slim
http://www.loc.gov/standards/marcxml/schema/MARC21slim.xsd">
  <leader>     cam  22005534a 4500</leader>
  <controlfield tag="001">023228214</controlfield>
  <datafield tag="245" ind1="0" ind2="4">
    <subfield code="a">The American Psychiatric Publishing textbook of psychopharmacology</subfield>
    <subfield code="h">[electronic resource] /</subfield>
    <subfield code="c">edited by Alan F. Schatzberg, Charles B. Nemeroff.</subfield>
  </datafield>
</record>