

<record xmlns="http://www.loc.gov/MARC21/slim"
xmlns:xsi="http://www.w3.org/2001/XMLSchema-instance"
xsi:schemaLocation="http://www.loc.gov/MARC21/slim
http://www.loc.gov/standards/marcxml/schema/MARC21slim.xsd">
  <leader>     cam  22005414a 4500</leader>
  <controlfield tag="001">023225622</controlfield>
  <datafield tag="245" ind1="0" ind2="0">
    <subfield code="a">Textbook of psychotherapeutic treatments</subfield>
    <subfield code="h">[electronic resource] /</subfield>
    <subfield code="c">edited by Glen O. Gabbard.</subfield>
  </datafield>
  <datafield tag="500" ind1=" " ind2=" ">
    <subfield code="a">Title from PsychOnline title page (viewed April 4, 2013).</subfield>
    <subfield code="5">FTaSU</subfield>
  </datafield>
</record>