

<record xmlns="http://www.loc.gov/MARC21/slim"
xmlns:xsi="http://www.w3.org/2001/XMLSchema-instance"
xsi:schemaLocation="http://www.loc.gov/MARC21/slim
http://www.loc.gov/standards/marcxml/schema/MARC21slim.xsd">
  <leader>     nas a22     4a 4500</leader>
  <controlfield tag="001">023129009</controlfield>
  <datafield tag="245" ind1="0" ind2="0">
    <subfield code="a">Heal :</subfield>
    <subfield code="b">humanism evolving through arts and literature /</subfield>
    <subfield code="c">faculty editor: Jose F. Rodriguez.</subfield>
  </datafield>
  <datafield tag="590" ind1=" " ind2=" ">
    <subfield code="a">FSU College of Medicine annual publication.</subfield>
    <subfield code="5">FTaSU</subfield>
  </datafield>
  <datafield tag="500" ind1=" " ind2=" ">
    <subfield code="a">&quot;Heal ... is designed to be a source of inspiration for all who read it. It is a collection of artistic works of the students and faculty of the Florida State University College of Medicine.&quot;</subfield>
    <subfield code="5">FTaSU</subfield>
  </datafield>
</record>