

<record xmlns="http://www.loc.gov/MARC21/slim"
xmlns:xsi="http://www.w3.org/2001/XMLSchema-instance"
xsi:schemaLocation="http://www.loc.gov/MARC21/slim
http://www.loc.gov/standards/marcxml/schema/MARC21slim.xsd">
  <leader>01687nam  2200481 a 4500</leader>
  <controlfield tag="001">022771716</controlfield>
  <datafield tag="245" ind1="0" ind2="0">
    <subfield code="a">Clinical research for surgeons</subfield>
    <subfield code="h">[electronic resource] /</subfield>
    <subfield code="c">edited by Mohit Bhandari, Anders Joensson.</subfield>
  </datafield>
  <datafield tag="500" ind1=" " ind2=" ">
    <subfield code="a">Made available through: Thieme ElectronicBook Library.</subfield>
    <subfield code="5">FBoU</subfield>
  </datafield>
</record>