

<record xmlns="http://www.loc.gov/MARC21/slim"
xmlns:xsi="http://www.w3.org/2001/XMLSchema-instance"
xsi:schemaLocation="http://www.loc.gov/MARC21/slim
http://www.loc.gov/standards/marcxml/schema/MARC21slim.xsd">
  <leader>     cam  22005174a 4500</leader>
  <controlfield tag="001">022071285</controlfield>
  <datafield tag="245" ind1="0" ind2="0">
    <subfield code="a">Brook&apos;s clinical pediatric endocrinology /</subfield>
    <subfield code="c">edited by Charles G.D. Brook, Peter E. Clayton, Rosalind S. Brown.</subfield>
  </datafield>
  <datafield tag="500" ind1=" " ind2=" ">
    <subfield code="a">Rev ed. of: Clinical pediatric endocrinology. 5th ed. 2005.</subfield>
  </datafield>
</record>