

<record xmlns="http://www.loc.gov/MARC21/slim"
xmlns:xsi="http://www.w3.org/2001/XMLSchema-instance"
xsi:schemaLocation="http://www.loc.gov/MARC21/slim
http://www.loc.gov/standards/marcxml/schema/MARC21slim.xsd">
  <leader>     cam  22005298a 4500</leader>
  <controlfield tag="001">021876619</controlfield>
  <datafield tag="245" ind1="0" ind2="0">
    <subfield code="a">Case files.</subfield>
    <subfield code="p">Obstetrics and gynecology /</subfield>
    <subfield code="c">Eugene C. Toy ... [et al.].</subfield>
  </datafield>
  <datafield tag="500" ind1=" " ind2=" ">
    <subfield code="a">Rev. ed. of: Case files. Obstetrics &amp; gynecology / Eugene C. Toy ... [et al.]. 2nd ed. c2007.</subfield>
    <subfield code="5">FTaSU</subfield>
  </datafield>
</record>