

<record xmlns="http://www.loc.gov/MARC21/slim"
xmlns:xsi="http://www.w3.org/2001/XMLSchema-instance"
xsi:schemaLocation="http://www.loc.gov/MARC21/slim
http://www.loc.gov/standards/marcxml/schema/MARC21slim.xsd">
  <leader>     cam  2200409 a 4500</leader>
  <controlfield tag="001">021533238</controlfield>
  <datafield tag="245" ind1="0" ind2="0">
    <subfield code="a">Basic &amp; clinical pharmacology /</subfield>
    <subfield code="c">edited by Bertram G. Katzung ; associate editors, Susan B. Masters, Anthony J. Trevor.</subfield>
  </datafield>
  <datafield tag="500" ind1=" " ind2=" ">
    <subfield code="a">&quot;A Lange medical book.&quot;</subfield>
    <subfield code="5">FTaSU</subfield>
    <subfield code="5">FBoU</subfield>
  </datafield>
  <datafield tag="500" ind1=" " ind2=" ">
    <subfield code="a">Previous ed.: New York; London: Lange Medical Books/McGraw Hill, 2007.</subfield>
    <subfield code="5">FTaSU</subfield>
  </datafield>
  <datafield tag="500" ind1=" " ind2=" ">
    <subfield code="a">Previous ed.: 2007.</subfield>
    <subfield code="5">FBoU</subfield>
    <subfield code="5">FTaFA</subfield>
  </datafield>
</record>