

<record xmlns="http://www.loc.gov/MARC21/slim"
xmlns:xsi="http://www.w3.org/2001/XMLSchema-instance"
xsi:schemaLocation="http://www.loc.gov/MARC21/slim
http://www.loc.gov/standards/marcxml/schema/MARC21slim.xsd">
  <leader>     cam  22004454a 4500</leader>
  <controlfield tag="001">021461045</controlfield>
  <datafield tag="245" ind1="0" ind2="0">
    <subfield code="a">Surgical recall /</subfield>
    <subfield code="c">recall series editor and senior editor, Lorne H. Blackbourne.</subfield>
  </datafield>
</record>