

<record xmlns="http://www.loc.gov/MARC21/slim"
xmlns:xsi="http://www.w3.org/2001/XMLSchema-instance"
xsi:schemaLocation="http://www.loc.gov/MARC21/slim
http://www.loc.gov/standards/marcxml/schema/MARC21slim.xsd">
  <leader>01084cam  2200337Ia 4500</leader>
  <controlfield tag="001">021279918</controlfield>
  <datafield tag="245" ind1="0" ind2="0">
    <subfield code="a">Taber&apos;s cyclopedic medical dictionary.</subfield>
  </datafield>
</record>