

<record xmlns="http://www.loc.gov/MARC21/slim"
xmlns:xsi="http://www.w3.org/2001/XMLSchema-instance"
xsi:schemaLocation="http://www.loc.gov/MARC21/slim
http://www.loc.gov/standards/marcxml/schema/MARC21slim.xsd">
  <leader>     cam  2200409Ia 4500</leader>
  <controlfield tag="001">021273105</controlfield>
  <datafield tag="245" ind1="0" ind2="0">
    <subfield code="a">AMA manual of style</subfield>
    <subfield code="h">[electronic resource] :</subfield>
    <subfield code="b">a guide for authors and editors.</subfield>
  </datafield>
  <datafield tag="500" ind1=" " ind2=" ">
    <subfield code="a">&quot;JAMA &amp; Archives Journals, American Medical Association.&quot;</subfield>
    <subfield code="5">FTS</subfield>
    <subfield code="5">FU</subfield>
  </datafield>
  <datafield tag="500" ind1=" " ind2=" ">
    <subfield code="a">Title from resource title screen (viewed 11 September 2009).</subfield>
    <subfield code="5">FTS</subfield>
    <subfield code="5">FU</subfield>
  </datafield>
</record>