

<record xmlns="http://www.loc.gov/MARC21/slim"
xmlns:xsi="http://www.w3.org/2001/XMLSchema-instance"
xsi:schemaLocation="http://www.loc.gov/MARC21/slim
http://www.loc.gov/standards/marcxml/schema/MARC21slim.xsd">
  <leader>09146cam  22011294a 4500</leader>
  <controlfield tag="001">021263073</controlfield>
  <datafield tag="245" ind1="0" ind2="0">
    <subfield code="a">Reichel&apos;s care of the elderly :</subfield>
    <subfield code="b">clinical aspects of aging.</subfield>
  </datafield>
</record>