

<record xmlns="http://www.loc.gov/MARC21/slim"
xmlns:xsi="http://www.w3.org/2001/XMLSchema-instance"
xsi:schemaLocation="http://www.loc.gov/MARC21/slim
http://www.loc.gov/standards/marcxml/schema/MARC21slim.xsd">
  <leader>     nam  2200457Ia 4500</leader>
  <controlfield tag="001">021180990</controlfield>
  <datafield tag="245" ind1="0" ind2="0">
    <subfield code="a">Asthma and COPD</subfield>
    <subfield code="h">[electronic resource] :</subfield>
    <subfield code="b">basic mechanisms and clinical management /</subfield>
    <subfield code="c">Peter Barnes ... [et al.].</subfield>
  </datafield>
</record>