

<record xmlns="http://www.loc.gov/MARC21/slim"
xmlns:xsi="http://www.w3.org/2001/XMLSchema-instance"
xsi:schemaLocation="http://www.loc.gov/MARC21/slim
http://www.loc.gov/standards/marcxml/schema/MARC21slim.xsd">
  <leader>     cam  2200457Ia 4500</leader>
  <controlfield tag="001">020634468</controlfield>
  <datafield tag="245" ind1="0" ind2="0">
    <subfield code="a">Current diagnosis &amp; treatment.</subfield>
    <subfield code="p">Nephrology &amp; hypertension</subfield>
    <subfield code="h">[electronic resource] /</subfield>
    <subfield code="c">edited by Edgar Lerma, Jeffrey S. Berns, Allen R. Nissenson.</subfield>
  </datafield>
  <datafield tag="500" ind1=" " ind2=" ">
    <subfield code="a">At head of title: A Lange medical book.</subfield>
    <subfield code="5">FTS</subfield>
    <subfield code="5">FOFT</subfield>
    <subfield code="5">FMFIU</subfield>
    <subfield code="5">FBoU</subfield>
    <subfield code="5">FPeU</subfield>
    <subfield code="5">FTaFA</subfield>
    <subfield code="5">FU</subfield>
  </datafield>
  <datafield tag="500" ind1=" " ind2=" ">
    <subfield code="a">Description based on print version record.</subfield>
    <subfield code="5">FMFIU</subfield>
    <subfield code="5">FPeU</subfield>
  </datafield>
</record>