

<record xmlns="http://www.loc.gov/MARC21/slim"
xmlns:xsi="http://www.w3.org/2001/XMLSchema-instance"
xsi:schemaLocation="http://www.loc.gov/MARC21/slim
http://www.loc.gov/standards/marcxml/schema/MARC21slim.xsd">
  <leader>     cam  2200637Ia 4500</leader>
  <controlfield tag="001">020148164</controlfield>
  <datafield tag="245" ind1="0" ind2="4">
    <subfield code="a">The rational clinical examination</subfield>
    <subfield code="h">[electronic resource] :</subfield>
    <subfield code="b">evidence-based clinical diagnosis /</subfield>
    <subfield code="c">editors, David L. Simel, Drummond Rennie ; editor, education guides, Sheri A. Keitz.</subfield>
  </datafield>
</record>