

<record xmlns="http://www.loc.gov/MARC21/slim"
xmlns:xsi="http://www.w3.org/2001/XMLSchema-instance"
xsi:schemaLocation="http://www.loc.gov/MARC21/slim
http://www.loc.gov/standards/marcxml/schema/MARC21slim.xsd">
  <leader>     cam  22005054a 4500</leader>
  <controlfield tag="001">020712095</controlfield>
  <datafield tag="245" ind1="1" ind2="0">
    <subfield code="a">McMinn&apos;s clinical atlas of human anatomy /</subfield>
    <subfield code="c">Peter H. Abrahams, Johannes M. Boon, Jonathan D. Spratt ; photography by Ralph T. Hutchings.</subfield>
  </datafield>
  <datafield tag="500" ind1=" " ind2=" ">
    <subfield code="a">Includes index.</subfield>
    <subfield code="5">FU</subfield>
    <subfield code="5">FPeU</subfield>
    <subfield code="5">FBoU</subfield>
    <subfield code="5">FJUNF</subfield>
    <subfield code="5">FTaSU</subfield>
    <subfield code="5">FOFT</subfield>
  </datafield>
  <datafield tag="500" ind1=" " ind2=" ">
    <subfield code="a">Previous ed.: published as McMinn&apos;s color atlas of human anatomy. Edinburgh. Mosby, 2003.</subfield>
    <subfield code="5">FU</subfield>
    <subfield code="5">FPeU</subfield>
    <subfield code="5">FBoU</subfield>
    <subfield code="5">FJUNF</subfield>
    <subfield code="5">FTaSU</subfield>
    <subfield code="5">FOFT</subfield>
  </datafield>
  <datafield tag="590" ind1=" " ind2=" ">
    <subfield code="a">Accompanying CDROM in separate container.</subfield>
    <subfield code="5">FJUNF</subfield>
  </datafield>
</record>