

<record xmlns="http://www.loc.gov/MARC21/slim"
xmlns:xsi="http://www.w3.org/2001/XMLSchema-instance"
xsi:schemaLocation="http://www.loc.gov/MARC21/slim
http://www.loc.gov/standards/marcxml/schema/MARC21slim.xsd">
  <leader>     cas  22005534a 4500</leader>
  <controlfield tag="001">024919590</controlfield>
  <datafield tag="245" ind1="1" ind2="0">
    <subfield code="a">Anatomical sciences education</subfield>
    <subfield code="h">[electronic resource].</subfield>
  </datafield>
  <datafield tag="500" ind1=" " ind2=" ">
    <subfield code="a">Title from publishers website (viewed Oct. 27, 2011).</subfield>
    <subfield code="5">FTaSU</subfield>
  </datafield>
</record>