

<record xmlns="http://www.loc.gov/MARC21/slim"
xmlns:xsi="http://www.w3.org/2001/XMLSchema-instance"
xsi:schemaLocation="http://www.loc.gov/MARC21/slim
http://www.loc.gov/standards/marcxml/schema/MARC21slim.xsd">
  <leader>     cam  2200397Ia 4500</leader>
  <controlfield tag="001">032537875</controlfield>
  <datafield tag="245" ind1="1" ind2="0">
    <subfield code="a">Breast core biopsy</subfield>
    <subfield code="h">[electronic resource]:</subfield>
    <subfield code="b">a pathologic-radiologic correlative approach /</subfield>
    <subfield code="c">Ira J. Bleiweiss, Shabnam Jaffer, Susan R. Drossman.</subfield>
  </datafield>
</record>