

<record xmlns="http://www.loc.gov/MARC21/slim"
xmlns:xsi="http://www.w3.org/2001/XMLSchema-instance"
xsi:schemaLocation="http://www.loc.gov/MARC21/slim
http://www.loc.gov/standards/marcxml/schema/MARC21slim.xsd">
  <leader>     cam  2200445Ia 4500</leader>
  <controlfield tag="001">032536597</controlfield>
  <datafield tag="245" ind1="1" ind2="0">
    <subfield code="a">Atlas of peripheral nerve blocks and anatomy for orthopaedic anesthesia</subfield>
    <subfield code="h">[electronic resource] /</subfield>
    <subfield code="c">André P. Boezaart ; artwork by Mary K. Bryson.</subfield>
  </datafield>
  <datafield tag="500" ind1=" " ind2=" ">
    <subfield code="a">Proximal brachial plexus : applied anatomy -- Interscalene block -- Cervical paravertebral block -- Supraclavicular block -- Distal brachial plexus : applied anatomy -- Infraclavicular block -- Nerves in the axilla : applied anatomy -- Axillary block -- Nerves around the axilla : applied anatomy -- Blocks around the elbow -- Lumbar plexus : applied anatomy -- Anterior lumbar plexus blocks -- Posterior lumbar plexus block -- Sacral plexus nerves : applied anatomy -- Sciatic nerve block -- The ankle : applied anatomy -- Ankle block -- Thoracic paravertebral block -- Pitfalls in regional anesthesia (and how to avoid them).</subfield>
  </datafield>
</record>