

<record xmlns="http://www.loc.gov/MARC21/slim"
xmlns:xsi="http://www.w3.org/2001/XMLSchema-instance"
xsi:schemaLocation="http://www.loc.gov/MARC21/slim
http://www.loc.gov/standards/marcxml/schema/MARC21slim.xsd">
  <leader>     nam  22004574a 4500</leader>
  <controlfield tag="001">029351386</controlfield>
  <datafield tag="245" ind1="1" ind2="0">
    <subfield code="a">Drugs in pregnancy and lactation</subfield>
    <subfield code="h">[electronic resource] :</subfield>
    <subfield code="b">a reference guide to fetal and neonatal risk /</subfield>
    <subfield code="c">Gerald G. Briggs, Roger K. Freeman, Sumner J. Yaffe.</subfield>
  </datafield>
  <datafield tag="500" ind1=" " ind2=" ">
    <subfield code="a">Previous ed.: 2005.</subfield>
    <subfield code="5">FTaSU</subfield>
  </datafield>
  <datafield tag="500" ind1=" " ind2=" ">
    <subfield code="a">Title from homepage (viewed April 23, 2008).</subfield>
    <subfield code="5">FTaSU</subfield>
  </datafield>
</record>