

<record xmlns="http://www.loc.gov/MARC21/slim"
xmlns:xsi="http://www.w3.org/2001/XMLSchema-instance"
xsi:schemaLocation="http://www.loc.gov/MARC21/slim
http://www.loc.gov/standards/marcxml/schema/MARC21slim.xsd">
  <leader>     cam  22003734a 4500</leader>
  <controlfield tag="001">020062234</controlfield>
  <datafield tag="245" ind1="1" ind2="0">
    <subfield code="a">Physiology :</subfield>
    <subfield code="b">cases and problems /</subfield>
    <subfield code="c">Linda S. Costanzo.</subfield>
  </datafield>
  <datafield tag="500" ind1=" " ind2=" ">
    <subfield code="a">Previous ed.: Philadepphia, Pa.: Saunders, 2002.</subfield>
    <subfield code="5">FTaSU</subfield>
  </datafield>
</record>