

<record xmlns="http://www.loc.gov/MARC21/slim"
xmlns:xsi="http://www.w3.org/2001/XMLSchema-instance"
xsi:schemaLocation="http://www.loc.gov/MARC21/slim
http://www.loc.gov/standards/marcxml/schema/MARC21slim.xsd">
  <leader>     cam  2200589Ka 4500</leader>
  <controlfield tag="001">031899652</controlfield>
  <datafield tag="245" ind1="1" ind2="0">
    <subfield code="a">Breast imaging</subfield>
    <subfield code="h">[electronic resource] /</subfield>
    <subfield code="c">Uwe Fischer, Friedemann Baum ; translator, Susanne Luftner-Nagel ; illustrator, Emil Wolfgang Hanns.</subfield>
  </datafield>
</record>