

<record xmlns="http://www.loc.gov/MARC21/slim"
xmlns:xsi="http://www.w3.org/2001/XMLSchema-instance"
xsi:schemaLocation="http://www.loc.gov/MARC21/slim
http://www.loc.gov/standards/marcxml/schema/MARC21slim.xsd">
  <leader>08012cam  2200517Ia 4500</leader>
  <controlfield tag="001">023125609</controlfield>
  <datafield tag="245" ind1="1" ind2="0">
    <subfield code="a">Clinical ocular toxicology</subfield>
    <subfield code="h">[electronic resource] :</subfield>
    <subfield code="b">drugs, chemicals, and herbs /</subfield>
    <subfield code="c">Frederick T. Fraunfelder, Frederick W. Fraunfelder, Wiley A. Chambers.</subfield>
  </datafield>
  <datafield tag="500" ind1=" " ind2=" ">
    <subfield code="a">Rev. ed. of: Drug-induced ocular side effects / Frederick T. Fraunfelder, Frederick W. Fraunfelder. 5th ed. c2001.</subfield>
    <subfield code="5">FMFIU</subfield>
  </datafield>
</record>