

<record xmlns="http://www.loc.gov/MARC21/slim"
xmlns:xsi="http://www.w3.org/2001/XMLSchema-instance"
xsi:schemaLocation="http://www.loc.gov/MARC21/slim
http://www.loc.gov/standards/marcxml/schema/MARC21slim.xsd">
  <leader>05252cam  2200505Ia 4500</leader>
  <controlfield tag="001">032526402</controlfield>
  <datafield tag="245" ind1="1" ind2="0">
    <subfield code="a">Shoulder arthroplasty</subfield>
    <subfield code="h">[electronic resource] /</subfield>
    <subfield code="c">Gary M. Gartsman, T. Bradley Edwards.</subfield>
  </datafield>
</record>