

<record xmlns="http://www.loc.gov/MARC21/slim"
xmlns:xsi="http://www.w3.org/2001/XMLSchema-instance"
xsi:schemaLocation="http://www.loc.gov/MARC21/slim
http://www.loc.gov/standards/marcxml/schema/MARC21slim.xsd">
  <leader>01692cam  2200373Ka 4500</leader>
  <controlfield tag="001">032832134</controlfield>
  <datafield tag="245" ind1="1" ind2="0">
    <subfield code="a">Rapid review laboratory testing in clinical medicine</subfield>
    <subfield code="h">[electronic resource] /</subfield>
    <subfield code="c">Edward F. Goljan, Karlis I. Sloka.</subfield>
  </datafield>
</record>