

<record xmlns="http://www.loc.gov/MARC21/slim"
xmlns:xsi="http://www.w3.org/2001/XMLSchema-instance"
xsi:schemaLocation="http://www.loc.gov/MARC21/slim
http://www.loc.gov/standards/marcxml/schema/MARC21slim.xsd">
  <leader>     cam  22005654a 4500</leader>
  <controlfield tag="001">020954512</controlfield>
  <datafield tag="245" ind1="1" ind2="0">
    <subfield code="a">Neuroanatomy :</subfield>
    <subfield code="b">an atlas of structures, sections, and systems /</subfield>
    <subfield code="c">Duane E. Haines ; special contribution by John A. Lancon ; illustrators, M.P. Schenk, W.K. Cunningham ; computer graphics, W.A. Buhner ; photographer, G.W. Armstrong ; typist, L.K. Boyd.</subfield>
  </datafield>
  <datafield tag="500" ind1=" " ind2=" ">
    <subfield code="a">Includes index.</subfield>
    <subfield code="5">FBoU</subfield>
    <subfield code="5">FTS</subfield>
    <subfield code="5">FU</subfield>
    <subfield code="5">FTaSU</subfield>
    <subfield code="5">FOFT</subfield>
  </datafield>
</record>