

<record xmlns="http://www.loc.gov/MARC21/slim"
xmlns:xsi="http://www.w3.org/2001/XMLSchema-instance"
xsi:schemaLocation="http://www.loc.gov/MARC21/slim
http://www.loc.gov/standards/marcxml/schema/MARC21slim.xsd">
  <leader>     cam  2200397Ii 4500</leader>
  <controlfield tag="001">032558738</controlfield>
  <datafield tag="245" ind1="1" ind2="0">
    <subfield code="a">Intensive care :</subfield>
    <subfield code="b">a concise textbook /</subfield>
    <subfield code="c">Charles Hinds, David Watson.</subfield>
  </datafield>
</record>