

<record xmlns="http://www.loc.gov/MARC21/slim"
xmlns:xsi="http://www.w3.org/2001/XMLSchema-instance"
xsi:schemaLocation="http://www.loc.gov/MARC21/slim
http://www.loc.gov/standards/marcxml/schema/MARC21slim.xsd">
  <leader>01470cas  2200397 a 4500</leader>
  <controlfield tag="001">028179259</controlfield>
  <datafield tag="245" ind1="1" ind2="0">
    <subfield code="a">Journal of men&apos;s health</subfield>
    <subfield code="h">[electronic resource].</subfield>
  </datafield>
  <datafield tag="500" ind1=" " ind2=" ">
    <subfield code="a">Description based on first issue; title from journal home page (ScienceDirect, viewed Apr. 23, 2008).</subfield>
    <subfield code="5">FBoU</subfield>
  </datafield>
  <datafield tag="500" ind1=" " ind2=" ">
    <subfield code="a">Latest issue consulted: v. 5, issue 2 (June 2008) (viewed May 27, 2008).</subfield>
    <subfield code="5">FBoU</subfield>
  </datafield>
</record>