

<record xmlns="http://www.loc.gov/MARC21/slim"
xmlns:xsi="http://www.w3.org/2001/XMLSchema-instance"
xsi:schemaLocation="http://www.loc.gov/MARC21/slim
http://www.loc.gov/standards/marcxml/schema/MARC21slim.xsd">
  <leader>     nam  2200457Ii 4500</leader>
  <controlfield tag="001">033937576</controlfield>
  <datafield tag="245" ind1="1" ind2="0">
    <subfield code="a">Surgery /</subfield>
    <subfield code="c">Seth J. Karp, James P.G. Morris ; questions and answers provided by Stanley Zaslau.</subfield>
  </datafield>
  <datafield tag="500" ind1=" " ind2=" ">
    <subfield code="a">Revised edition of: Blueprints surgery / Seth J. Karp, James P.G. Morris. 4th ed. c2006.</subfield>
  </datafield>
</record>