

<record xmlns="http://www.loc.gov/MARC21/slim"
xmlns:xsi="http://www.w3.org/2001/XMLSchema-instance"
xsi:schemaLocation="http://www.loc.gov/MARC21/slim
http://www.loc.gov/standards/marcxml/schema/MARC21slim.xsd">
  <leader>     cam  22003854a 4500</leader>
  <controlfield tag="001">032563550</controlfield>
  <datafield tag="245" ind1="1" ind2="0">
    <subfield code="a">Surgery of the anus, rectum &amp; colon</subfield>
    <subfield code="h">[electronic resource] /</subfield>
    <subfield code="c">Michael R.B. Keighley, Norman S. Williams.</subfield>
  </datafield>
  <datafield tag="500" ind1=" " ind2=" ">
    <subfield code="a">Previous ed.: London: W.B. Saunders, 1999.</subfield>
  </datafield>
</record>