

<record xmlns="http://www.loc.gov/MARC21/slim"
xmlns:xsi="http://www.w3.org/2001/XMLSchema-instance"
xsi:schemaLocation="http://www.loc.gov/MARC21/slim
http://www.loc.gov/standards/marcxml/schema/MARC21slim.xsd">
  <leader>     cam  2200445Ia 4500</leader>
  <controlfield tag="001">027082293</controlfield>
  <datafield tag="245" ind1="1" ind2="0">
    <subfield code="a">Pathology</subfield>
    <subfield code="h">[electronic resource] :</subfield>
    <subfield code="b">the big picture /</subfield>
    <subfield code="c">Walter L. Kemp, Dennis K. Burns, Travis G. Brown.</subfield>
  </datafield>
  <datafield tag="500" ind1=" " ind2=" ">
    <subfield code="a">Title from PDF title page (viewed Sept. 25, 2008).</subfield>
    <subfield code="5">FMFIU</subfield>
  </datafield>
</record>