

<record xmlns="http://www.loc.gov/MARC21/slim"
xmlns:xsi="http://www.w3.org/2001/XMLSchema-instance"
xsi:schemaLocation="http://www.loc.gov/MARC21/slim
http://www.loc.gov/standards/marcxml/schema/MARC21slim.xsd">
  <leader>     cam  2200577Ia 4500</leader>
  <controlfield tag="001">031908841</controlfield>
  <datafield tag="245" ind1="1" ind2="0">
    <subfield code="a">Head and neck imaging</subfield>
    <subfield code="h">[electronic resource] /</subfield>
    <subfield code="c">Ulrich Moedder ... [et al.].</subfield>
  </datafield>
  <datafield tag="500" ind1=" " ind2=" ">
    <subfield code="a">Translation of: Kopf, Hals / Ulrich Mödder ... [et al.]. c2006.</subfield>
  </datafield>
  <datafield tag="500" ind1=" " ind2=" ">
    <subfield code="a">Translation of: Kopf, Hals / Ulrich Mödder ... [et al.]. c2006.</subfield>
  </datafield>
</record>