

<record xmlns="http://www.loc.gov/MARC21/slim"
xmlns:xsi="http://www.w3.org/2001/XMLSchema-instance"
xsi:schemaLocation="http://www.loc.gov/MARC21/slim
http://www.loc.gov/standards/marcxml/schema/MARC21slim.xsd">
  <leader>     cam a2200373Mi 4500</leader>
  <controlfield tag="001">034656891</controlfield>
  <datafield tag="245" ind1="1" ind2="0">
    <subfield code="a">Chronic Obstructive Pulmonary Disease :</subfield>
    <subfield code="b">No. 234: Pathogenesis to Treatment.</subfield>
  </datafield>
</record>