

<record xmlns="http://www.loc.gov/MARC21/slim"
xmlns:xsi="http://www.w3.org/2001/XMLSchema-instance"
xsi:schemaLocation="http://www.loc.gov/MARC21/slim
http://www.loc.gov/standards/marcxml/schema/MARC21slim.xsd">
  <leader>03178cam  2200541Ia 4500</leader>
  <controlfield tag="001">032526431</controlfield>
  <datafield tag="245" ind1="1" ind2="0">
    <subfield code="a">Practical orthopedics</subfield>
    <subfield code="h">[electronic resource] /</subfield>
    <subfield code="c">Lonnie Mercier.</subfield>
  </datafield>
  <datafield tag="500" ind1=" " ind2=" ">
    <subfield code="a">Previous ed.: 2000.</subfield>
  </datafield>
</record>