

<record xmlns="http://www.loc.gov/MARC21/slim"
xmlns:xsi="http://www.w3.org/2001/XMLSchema-instance"
xsi:schemaLocation="http://www.loc.gov/MARC21/slim
http://www.loc.gov/standards/marcxml/schema/MARC21slim.xsd">
  <leader>     cam  22004694a 4500</leader>
  <controlfield tag="001">032559047</controlfield>
  <datafield tag="245" ind1="1" ind2="0">
    <subfield code="a">Medical effects of ionizing radiation</subfield>
    <subfield code="h">[electronic resource] /</subfield>
    <subfield code="c">Fred A. Mettler, Jr., Arthur C. Upton.</subfield>
  </datafield>
</record>