

<record xmlns="http://www.loc.gov/MARC21/slim"
xmlns:xsi="http://www.w3.org/2001/XMLSchema-instance"
xsi:schemaLocation="http://www.loc.gov/MARC21/slim
http://www.loc.gov/standards/marcxml/schema/MARC21slim.xsd">
  <leader>02723cam  2200529Ia 4500</leader>
  <controlfield tag="001">032526331</controlfield>
  <datafield tag="245" ind1="1" ind2="0">
    <subfield code="a">Oculoplastic and reconstructive surgery</subfield>
    <subfield code="h">[electronic resource] /</subfield>
    <subfield code="c">authors, Jeffrey A. Nerad, Keith D. Carter, Mark Alford.</subfield>
  </datafield>
  <datafield tag="500" ind1=" " ind2=" ">
    <subfield code="a">Includes index.</subfield>
  </datafield>
</record>