

<record xmlns="http://www.loc.gov/MARC21/slim"
xmlns:xsi="http://www.w3.org/2001/XMLSchema-instance"
xsi:schemaLocation="http://www.loc.gov/MARC21/slim
http://www.loc.gov/standards/marcxml/schema/MARC21slim.xsd">
  <leader>     cam  22003974a 4500</leader>
  <controlfield tag="001">020208881</controlfield>
  <datafield tag="245" ind1="1" ind2="4">
    <subfield code="a">The human brain :</subfield>
    <subfield code="b">an introduction to its functional anatomy /</subfield>
    <subfield code="c">John Nolte ; three-dimensional brain reconstructions by John Sundsten.</subfield>
  </datafield>
</record>