

<record xmlns="http://www.loc.gov/MARC21/slim"
xmlns:xsi="http://www.w3.org/2001/XMLSchema-instance"
xsi:schemaLocation="http://www.loc.gov/MARC21/slim
http://www.loc.gov/standards/marcxml/schema/MARC21slim.xsd">
  <leader>     ckm  22003134a 4500</leader>
  <controlfield tag="001">029684130</controlfield>
  <datafield tag="245" ind1="1" ind2="0">
    <subfield code="a">Netter&apos;s Histology flash cards</subfield>
    <subfield code="h">[flash card] /</subfield>
    <subfield code="c">William K. Ovalle, Patrick C. Nahirney ; illustrations by Frank H. Netter ; contributing illustrators, Joe Chovan ... [et al.].</subfield>
  </datafield>
  <datafield tag="500" ind1=" " ind2=" ">
    <subfield code="a">4 x 6 flash cards supplement to standard histology textbooks and atlases including &quot;Netter&apos;s essential histology&quot;.</subfield>
    <subfield code="5">FTaSU</subfield>
  </datafield>
</record>