

<record xmlns="http://www.loc.gov/MARC21/slim"
xmlns:xsi="http://www.w3.org/2001/XMLSchema-instance"
xsi:schemaLocation="http://www.loc.gov/MARC21/slim
http://www.loc.gov/standards/marcxml/schema/MARC21slim.xsd">
  <leader>     cam  22003734a 4500</leader>
  <controlfield tag="001">020161683</controlfield>
  <datafield tag="245" ind1="1" ind2="0">
    <subfield code="a">Netter&apos;s essential histology /</subfield>
    <subfield code="c">William K. Ovalle, Patrick C. Nahirney ; illustrations by Frank H. Netter ; contributing illustrators, Joe Chovan ... [et al.].</subfield>
  </datafield>
  <datafield tag="500" ind1=" " ind2=" ">
    <subfield code="a">Includes index.</subfield>
    <subfield code="5">FU</subfield>
    <subfield code="5">FOFT</subfield>
    <subfield code="5">FFmFGC</subfield>
    <subfield code="5">FTaSU</subfield>
  </datafield>
</record>