

<record xmlns="http://www.loc.gov/MARC21/slim"
xmlns:xsi="http://www.w3.org/2001/XMLSchema-instance"
xsi:schemaLocation="http://www.loc.gov/MARC21/slim
http://www.loc.gov/standards/marcxml/schema/MARC21slim.xsd">
  <leader>03517cam  2200601Ka 4500</leader>
  <controlfield tag="001">032526501</controlfield>
  <datafield tag="245" ind1="1" ind2="0">
    <subfield code="a">Image-guided musculoskeletal intervention</subfield>
    <subfield code="h">[electronic resource] /</subfield>
    <subfield code="c">Jeffrey J. Peterson, Douglas S. Fenton, Leo F. Czervionke.</subfield>
  </datafield>
</record>