

<record xmlns="http://www.loc.gov/MARC21/slim"
xmlns:xsi="http://www.w3.org/2001/XMLSchema-instance"
xsi:schemaLocation="http://www.loc.gov/MARC21/slim
http://www.loc.gov/standards/marcxml/schema/MARC21slim.xsd">
  <leader>06112cam  2200445Ia 4500</leader>
  <controlfield tag="001">028663190</controlfield>
  <datafield tag="245" ind1="1" ind2="0">
    <subfield code="a">Cell biology</subfield>
    <subfield code="h">[electronic resource] /</subfield>
    <subfield code="c">Thomas D. Pollard, William C. Earnshaw ; with Jennifer Lippincott-Schwartz ; illustrated by Graham T. Johnson.</subfield>
  </datafield>
</record>