

<record xmlns="http://www.loc.gov/MARC21/slim"
xmlns:xsi="http://www.w3.org/2001/XMLSchema-instance"
xsi:schemaLocation="http://www.loc.gov/MARC21/slim
http://www.loc.gov/standards/marcxml/schema/MARC21slim.xsd">
  <leader>04472cam  2200577Ia 4500</leader>
  <controlfield tag="001">032526337</controlfield>
  <datafield tag="245" ind1="1" ind2="0">
    <subfield code="a">Textbook of clinical hemodynamics</subfield>
    <subfield code="h">[electronic resource] /</subfield>
    <subfield code="c">Michael Ragosta.</subfield>
  </datafield>
</record>