

<record xmlns="http://www.loc.gov/MARC21/slim"
xmlns:xsi="http://www.w3.org/2001/XMLSchema-instance"
xsi:schemaLocation="http://www.loc.gov/MARC21/slim
http://www.loc.gov/standards/marcxml/schema/MARC21slim.xsd">
  <leader>     cam  2200541Ka 4500</leader>
  <controlfield tag="001">033403356</controlfield>
  <datafield tag="245" ind1="1" ind2="0">
    <subfield code="a">Fisher&apos;s contact dermatitis</subfield>
    <subfield code="h">[electronic resource].</subfield>
  </datafield>
  <datafield tag="500" ind1=" " ind2=" ">
    <subfield code="a">Revised edition of: Fisher&apos;s contact dermatitis / [edited by] Robert L. Rietschel, Joseph F. Fowler Jr. 5th ed. c2001.</subfield>
  </datafield>
</record>