

<record xmlns="http://www.loc.gov/MARC21/slim"
xmlns:xsi="http://www.w3.org/2001/XMLSchema-instance"
xsi:schemaLocation="http://www.loc.gov/MARC21/slim
http://www.loc.gov/standards/marcxml/schema/MARC21slim.xsd">
  <leader>     cgm  2200349Ia 4500</leader>
  <controlfield tag="001">021350960</controlfield>
  <datafield tag="245" ind1="1" ind2="0">
    <subfield code="a">Delivery self attachment</subfield>
    <subfield code="h">[videorecording] /</subfield>
    <subfield code="c">by Lennart Righard &amp; Kittie Frantz.</subfield>
  </datafield>
  <datafield tag="500" ind1=" " ind2=" ">
    <subfield code="a">Title from disc.</subfield>
    <subfield code="5">FTaSU</subfield>
  </datafield>
</record>