

<record xmlns="http://www.loc.gov/MARC21/slim"
xmlns:xsi="http://www.w3.org/2001/XMLSchema-instance"
xsi:schemaLocation="http://www.loc.gov/MARC21/slim
http://www.loc.gov/standards/marcxml/schema/MARC21slim.xsd">
  <leader>02598cam  2200505Ia 4500</leader>
  <controlfield tag="001">032526954</controlfield>
  <datafield tag="245" ind1="1" ind2="0">
    <subfield code="a">Rapid review USMLE step 3</subfield>
    <subfield code="h">[electronic resource] /</subfield>
    <subfield code="c">David D.K. Rolston, Craig Nielson.</subfield>
  </datafield>
</record>