

<record xmlns="http://www.loc.gov/MARC21/slim"
xmlns:xsi="http://www.w3.org/2001/XMLSchema-instance"
xsi:schemaLocation="http://www.loc.gov/MARC21/slim
http://www.loc.gov/standards/marcxml/schema/MARC21slim.xsd">
  <leader>02043nam  2200421Ia 4500</leader>
  <controlfield tag="001">020278082</controlfield>
  <datafield tag="245" ind1="1" ind2="0">
    <subfield code="a">Emergency medicine</subfield>
    <subfield code="h">[electronic resource] :</subfield>
    <subfield code="b">PreTest self-assessment and review /</subfield>
    <subfield code="c">Adam J. Rosh ; Stephen H. Menlove.</subfield>
  </datafield>
  <datafield tag="500" ind1=" " ind2=" ">
    <subfield code="a">Title from PDF title page (viewed on Feb. 14, 2008).</subfield>
    <subfield code="5">FBoU</subfield>
    <subfield code="5">FTaFA</subfield>
    <subfield code="5">FTS</subfield>
    <subfield code="5">FMFIU</subfield>
  </datafield>
</record>