

<record xmlns="http://www.loc.gov/MARC21/slim"
xmlns:xsi="http://www.w3.org/2001/XMLSchema-instance"
xsi:schemaLocation="http://www.loc.gov/MARC21/slim
http://www.loc.gov/standards/marcxml/schema/MARC21slim.xsd">
  <leader>     cam  2200481Ma 4500</leader>
  <controlfield tag="001">021952365</controlfield>
  <datafield tag="245" ind1="1" ind2="0">
    <subfield code="a">Kaplan &amp; Sadock&apos;s concise textbook of clinical psychiatry</subfield>
    <subfield code="h">[electronic resource] /</subfield>
    <subfield code="c">Benjamin James Sadock, Virginia Alcott Sadock.</subfield>
  </datafield>
  <datafield tag="500" ind1=" " ind2=" ">
    <subfield code="a">Includes index.</subfield>
    <subfield code="5">FTaFA</subfield>
  </datafield>
  <datafield tag="500" ind1=" " ind2=" ">
    <subfield code="a">&quot;Derived from Kaplan &amp; Sadock&apos;s Synopsis of psychiatry, 10th edition&quot;--Cover.</subfield>
    <subfield code="5">FMFIU</subfield>
    <subfield code="5">FBoU</subfield>
  </datafield>
  <datafield tag="500" ind1=" " ind2=" ">
    <subfield code="a">Title from title page (viewed on Jan. 16, 2009)</subfield>
    <subfield code="5">FMFIU</subfield>
  </datafield>
</record>