

<record xmlns="http://www.loc.gov/MARC21/slim"
xmlns:xsi="http://www.w3.org/2001/XMLSchema-instance"
xsi:schemaLocation="http://www.loc.gov/MARC21/slim
http://www.loc.gov/standards/marcxml/schema/MARC21slim.xsd">
  <leader>06204cam  2200529Ia 4500</leader>
  <controlfield tag="001">032526334</controlfield>
  <datafield tag="245" ind1="1" ind2="4">
    <subfield code="a">The sports medicine resource manual</subfield>
    <subfield code="h">[electronic resource] /</subfield>
    <subfield code="c">Peter H. Seidenberg, Anthony I. Beutler.</subfield>
  </datafield>
</record>