

<record xmlns="http://www.loc.gov/MARC21/slim"
xmlns:xsi="http://www.w3.org/2001/XMLSchema-instance"
xsi:schemaLocation="http://www.loc.gov/MARC21/slim
http://www.loc.gov/standards/marcxml/schema/MARC21slim.xsd">
  <leader>11254cam  2200673Ia 4500</leader>
  <controlfield tag="001">032526465</controlfield>
  <datafield tag="245" ind1="1" ind2="0">
    <subfield code="a">Netter&apos;s obstetrics and gynecology</subfield>
    <subfield code="h">[electronic resource] /</subfield>
    <subfield code="c">Roger P. Smith ; illustrations by Frank H. Netter ; contributing illustrators, Carlos A.G. Machado ... [et al.].</subfield>
  </datafield>
  <datafield tag="500" ind1=" " ind2=" ">
    <subfield code="a">Rev. ed. of: Netter&apos;s obstetrics, gynecology, and women&apos;s health / Roger P. Smith. c2002.</subfield>
  </datafield>
</record>