

<record xmlns="http://www.loc.gov/MARC21/slim"
xmlns:xsi="http://www.w3.org/2001/XMLSchema-instance"
xsi:schemaLocation="http://www.loc.gov/MARC21/slim
http://www.loc.gov/standards/marcxml/schema/MARC21slim.xsd">
  <leader>     cam  2200433Ia 4500</leader>
  <controlfield tag="001">032538229</controlfield>
  <datafield tag="245" ind1="1" ind2="0">
    <subfield code="a">Clinical microbiology and infectious diseases</subfield>
    <subfield code="h">[electronic resource] :</subfield>
    <subfield code="b">an illustrated colour text /</subfield>
    <subfield code="c">W. John Spicer ; illustrated by Peter Lamb and Robert Britton.</subfield>
  </datafield>
  <datafield tag="500" ind1=" " ind2=" ">
    <subfield code="a">Rev. ed. of: Clinical bacteriology, mycology, and parasitology / W. John Spicer. 2000.</subfield>
  </datafield>
</record>