

<record xmlns="http://www.loc.gov/MARC21/slim"
xmlns:xsi="http://www.w3.org/2001/XMLSchema-instance"
xsi:schemaLocation="http://www.loc.gov/MARC21/slim
http://www.loc.gov/standards/marcxml/schema/MARC21slim.xsd">
  <leader>05866cam  2200733Ia 4500</leader>
  <controlfield tag="001">032526349</controlfield>
  <datafield tag="245" ind1="1" ind2="0">
    <subfield code="a">Chou&apos;s electrocardiography in clinical practice</subfield>
    <subfield code="h">[electronic resource] :</subfield>
    <subfield code="b">adult and pediatric /</subfield>
    <subfield code="c">Borys Surawicz, Timothy K. Knilans.</subfield>
  </datafield>
</record>