

<record xmlns="http://www.loc.gov/MARC21/slim"
xmlns:xsi="http://www.w3.org/2001/XMLSchema-instance"
xsi:schemaLocation="http://www.loc.gov/MARC21/slim
http://www.loc.gov/standards/marcxml/schema/MARC21slim.xsd">
  <leader>04917cam  2200601Ia 4500</leader>
  <controlfield tag="001">032526433</controlfield>
  <datafield tag="245" ind1="1" ind2="0">
    <subfield code="a">Breast cancer imaging</subfield>
    <subfield code="h">[electronic resource] :</subfield>
    <subfield code="b">a multidisciplinary, multimodality approach /</subfield>
    <subfield code="c">Marie Tartar, Christopher E. Comstock, Michael S. Kipper.</subfield>
  </datafield>
</record>