

<record xmlns="http://www.loc.gov/MARC21/slim"
xmlns:xsi="http://www.w3.org/2001/XMLSchema-instance"
xsi:schemaLocation="http://www.loc.gov/MARC21/slim
http://www.loc.gov/standards/marcxml/schema/MARC21slim.xsd">
  <leader>     cam  2200505Ma 4500</leader>
  <controlfield tag="001">033175986</controlfield>
  <datafield tag="245" ind1="1" ind2="0">
    <subfield code="a">Color atlas of acupuncture</subfield>
    <subfield code="h">[electronic resource] :</subfield>
    <subfield code="b">body points, ear points, trigger points /</subfield>
    <subfield code="c">Hans-Ulrich Hecker ... [et al.] ; with the collaboration of Stefan Kopp, Gustav Peters, Michael Hammes.</subfield>
  </datafield>
  <datafield tag="500" ind1=" " ind2=" ">
    <subfield code="a">Translated from the German.</subfield>
  </datafield>
</record>