

<record xmlns="http://www.loc.gov/MARC21/slim"
xmlns:xsi="http://www.w3.org/2001/XMLSchema-instance"
xsi:schemaLocation="http://www.loc.gov/MARC21/slim
http://www.loc.gov/standards/marcxml/schema/MARC21slim.xsd">
  <leader>     cam a22004454a 4500</leader>
  <controlfield tag="001">020296747</controlfield>
  <datafield tag="245" ind1="1" ind2="0">
    <subfield code="a">Atlas of pelvic surgery /</subfield>
    <subfield code="c">Clifford R. Wheeless, Jr. and Marcella L. Roenneburg ; John Parker, medical illustrator.</subfield>
  </datafield>
  <datafield tag="500" ind1=" " ind2=" ">
    <subfield code="a">Free online 4th edition of :&quot;Atlas of pelvic surgey&quot; Clifford R. Wheeless, Jr. and Marcella L. Roenneburg.</subfield>
  </datafield>
  <datafield tag="500" ind1=" " ind2=" ">
    <subfield code="a">Title from the screen (viewed Sep. 5, 2008).</subfield>
  </datafield>
  <datafield tag="500" ind1=" " ind2=" ">
    <subfield code="a">Includes index.</subfield>
  </datafield>
</record>