

<record xmlns="http://www.loc.gov/MARC21/slim"
xmlns:xsi="http://www.w3.org/2001/XMLSchema-instance"
xsi:schemaLocation="http://www.loc.gov/MARC21/slim
http://www.loc.gov/standards/marcxml/schema/MARC21slim.xsd">
  <leader>02372cam  22004934a 4500</leader>
  <controlfield tag="001">030710120</controlfield>
  <datafield tag="245" ind1="1" ind2="0">
    <subfield code="a">Spinal imaging</subfield>
    <subfield code="h">[electronic resource] /</subfield>
    <subfield code="c">[edited by] Herwig Imhof ; with contributions by Benjamin Halpern ... [et al. ; translator: John Grossman ; illustrator, Emil Wolfgang Hanns].</subfield>
  </datafield>
  <datafield tag="500" ind1=" " ind2=" ">
    <subfield code="a">Made available through: Thieme ElectronicBook Library.</subfield>
  </datafield>
</record>