

<record xmlns="http://www.loc.gov/MARC21/slim"
xmlns:xsi="http://www.w3.org/2001/XMLSchema-instance"
xsi:schemaLocation="http://www.loc.gov/MARC21/slim
http://www.loc.gov/standards/marcxml/schema/MARC21slim.xsd">
  <leader>     cam  22005414a 4500</leader>
  <controlfield tag="001">020875904</controlfield>
  <datafield tag="245" ind1="1" ind2="0">
    <subfield code="a">Basic clinical neuroscience /</subfield>
    <subfield code="c">Paul A. Young, Paul H. Young, Daniel L. Tolbert.</subfield>
  </datafield>
  <datafield tag="500" ind1=" " ind2=" ">
    <subfield code="a">Rev. ed. of: Basic clinical neuroanatomy. c1997.</subfield>
    <subfield code="5">FBoU</subfield>
    <subfield code="5">FJUNF</subfield>
    <subfield code="5">FMFIU</subfield>
    <subfield code="5">FTaSU</subfield>
  </datafield>
</record>