

<record xmlns="http://www.loc.gov/MARC21/slim"
xmlns:xsi="http://www.w3.org/2001/XMLSchema-instance"
xsi:schemaLocation="http://www.loc.gov/MARC21/slim
http://www.loc.gov/standards/marcxml/schema/MARC21slim.xsd">
  <leader>02720cam  2200733Ma 4500</leader>
  <controlfield tag="001">032863131</controlfield>
  <datafield tag="245" ind1="0" ind2="0">
    <subfield code="a">Bright futures</subfield>
    <subfield code="h">[electronic resource] :</subfield>
    <subfield code="b">guidelines for health supervision of infants, children, and adolescents /</subfield>
    <subfield code="c">editors, Joseph F. Hagan, Judith S. Shaw, Paula M. Duncan.</subfield>
  </datafield>
</record>