

<record xmlns="http://www.loc.gov/MARC21/slim"
xmlns:xsi="http://www.w3.org/2001/XMLSchema-instance"
xsi:schemaLocation="http://www.loc.gov/MARC21/slim
http://www.loc.gov/standards/marcxml/schema/MARC21slim.xsd">
  <leader>     cam  22003374a 4500</leader>
  <controlfield tag="001">032559207</controlfield>
  <datafield tag="245" ind1="0" ind2="0">
    <subfield code="a">Operative otolaryngology</subfield>
    <subfield code="h">[electronic resource] :</subfield>
    <subfield code="b">head and neck surgery /</subfield>
    <subfield code="c">editor, Eugene N. Myers ; associate editors, Ricardo L. Carrau ... [et al.].</subfield>
  </datafield>
</record>