

<record xmlns="http://www.loc.gov/MARC21/slim"
xmlns:xsi="http://www.w3.org/2001/XMLSchema-instance"
xsi:schemaLocation="http://www.loc.gov/MARC21/slim
http://www.loc.gov/standards/marcxml/schema/MARC21slim.xsd">
  <leader>     cam  22004934i 4500</leader>
  <controlfield tag="001">032559052</controlfield>
  <datafield tag="245" ind1="0" ind2="4">
    <subfield code="a">The Mont Reid surgical handbook /</subfield>
    <subfield code="c">the University of Cincinnati residents from the Department of Surgery, University of Cincinnati College of Medicine ; editor-in-chief, Wolfgang Stehr.</subfield>
  </datafield>
</record>