

<record xmlns="http://www.loc.gov/MARC21/slim"
xmlns:xsi="http://www.w3.org/2001/XMLSchema-instance"
xsi:schemaLocation="http://www.loc.gov/MARC21/slim
http://www.loc.gov/standards/marcxml/schema/MARC21slim.xsd">
  <leader>     cam  22004214a 4500</leader>
  <controlfield tag="001">032558986</controlfield>
  <datafield tag="245" ind1="0" ind2="0">
    <subfield code="a">Kline &amp; Hudson&apos;s nerve injuries</subfield>
    <subfield code="h">[electronic resource] :</subfield>
    <subfield code="b">operative results for major nerve injuries, entrapments and tumors.</subfield>
  </datafield>
  <datafield tag="500" ind1=" " ind2=" ">
    <subfield code="a">Rev. ed. of: Nerve injuries / by David G. Kline and Alan R. Hudson. 1995.</subfield>
  </datafield>
</record>