

<record xmlns="http://www.loc.gov/MARC21/slim"
xmlns:xsi="http://www.w3.org/2001/XMLSchema-instance"
xsi:schemaLocation="http://www.loc.gov/MARC21/slim
http://www.loc.gov/standards/marcxml/schema/MARC21slim.xsd">
  <leader>     cam  2200469Ia 4500</leader>
  <controlfield tag="001">032536589</controlfield>
  <datafield tag="245" ind1="0" ind2="0">
    <subfield code="a">Atlas of pediatric laparoscopy and thoracoscopy</subfield>
    <subfield code="h">[electronic resource] /</subfield>
    <subfield code="c">[edited by] George W. Holcomb III, Keith E. Georgeson, Steven S. Rothenberg.</subfield>
  </datafield>
</record>