

<record xmlns="http://www.loc.gov/MARC21/slim"
xmlns:xsi="http://www.w3.org/2001/XMLSchema-instance"
xsi:schemaLocation="http://www.loc.gov/MARC21/slim
http://www.loc.gov/standards/marcxml/schema/MARC21slim.xsd">
  <leader>04515cam  2200529Ki 4500</leader>
  <controlfield tag="001">032527133</controlfield>
  <datafield tag="245" ind1="0" ind2="0">
    <subfield code="a">Forfar &amp; Arneil&apos;s textbook of pediatrics.</subfield>
  </datafield>
</record>