

<record xmlns="http://www.loc.gov/MARC21/slim"
xmlns:xsi="http://www.w3.org/2001/XMLSchema-instance"
xsi:schemaLocation="http://www.loc.gov/MARC21/slim
http://www.loc.gov/standards/marcxml/schema/MARC21slim.xsd">
  <leader>03381cam  2200481Ia 4500</leader>
  <controlfield tag="001">032526970</controlfield>
  <datafield tag="245" ind1="0" ind2="0">
    <subfield code="a">Trauma</subfield>
    <subfield code="h">[electronic resource] :</subfield>
    <subfield code="b">core knowledge in orthopaedics /</subfield>
    <subfield code="c">[edited by] Roy Sanders.</subfield>
  </datafield>
</record>