

<record xmlns="http://www.loc.gov/MARC21/slim"
xmlns:xsi="http://www.w3.org/2001/XMLSchema-instance"
xsi:schemaLocation="http://www.loc.gov/MARC21/slim
http://www.loc.gov/standards/marcxml/schema/MARC21slim.xsd">
  <leader>01569cam  2200421La 4500</leader>
  <controlfield tag="001">032526843</controlfield>
  <datafield tag="245" ind1="0" ind2="4">
    <subfield code="a">The chest X-ray</subfield>
    <subfield code="h">[electronic resource] :</subfield>
    <subfield code="b">a survival guide /</subfield>
    <subfield code="c">Gerald de Lacey, Simon Morley, Laurence Berman.</subfield>
  </datafield>
</record>