

<record xmlns="http://www.loc.gov/MARC21/slim"
xmlns:xsi="http://www.w3.org/2001/XMLSchema-instance"
xsi:schemaLocation="http://www.loc.gov/MARC21/slim
http://www.loc.gov/standards/marcxml/schema/MARC21slim.xsd">
  <leader>02850cam  2200529Ia 4500</leader>
  <controlfield tag="001">032526839</controlfield>
  <datafield tag="245" ind1="0" ind2="0">
    <subfield code="a">Roy and Fraunfelder&apos;s current ocular therapy</subfield>
    <subfield code="h">[electronic resource] /</subfield>
    <subfield code="c">edited by F. Hampton Roy, Frederick W. Fraunfelder, Frederick T. Fraunfelder.</subfield>
  </datafield>
  <datafield tag="500" ind1=" " ind2=" ">
    <subfield code="a">Previous ed.: published as by Frederick T. Fraunfelder, F. Hampton Ray and Joan Randall. London: W.B. Saunders, 1999.</subfield>
  </datafield>
</record>