

<record xmlns="http://www.loc.gov/MARC21/slim"
xmlns:xsi="http://www.w3.org/2001/XMLSchema-instance"
xsi:schemaLocation="http://www.loc.gov/MARC21/slim
http://www.loc.gov/standards/marcxml/schema/MARC21slim.xsd">
  <leader>03500cam  2200661Ia 4500</leader>
  <controlfield tag="001">032526837</controlfield>
  <datafield tag="245" ind1="0" ind2="0">
    <subfield code="a">Obstetric and gynecologic dermatology</subfield>
    <subfield code="h">[electronic resource]</subfield>
  </datafield>
  <datafield tag="500" ind1=" " ind2=" ">
    <subfield code="a">Previous ed.: 2002.</subfield>
  </datafield>
  <datafield tag="500" ind1=" " ind2=" ">
    <subfield code="a">Some online versions lack accompanying media packaged with the printed version.</subfield>
  </datafield>
</record>