

<record xmlns="http://www.loc.gov/MARC21/slim"
xmlns:xsi="http://www.w3.org/2001/XMLSchema-instance"
xsi:schemaLocation="http://www.loc.gov/MARC21/slim
http://www.loc.gov/standards/marcxml/schema/MARC21slim.xsd">
  <leader>04699cam  2200685Ka 4500</leader>
  <controlfield tag="001">032526834</controlfield>
  <datafield tag="245" ind1="0" ind2="0">
    <subfield code="a">Perioperative medicine</subfield>
    <subfield code="h">[electronic resource] :</subfield>
    <subfield code="b">managing for outcome /</subfield>
    <subfield code="c">[edited by] Mark F. Newman, Lee A. Fleisher, Mitchell P. Fink.</subfield>
  </datafield>
</record>