

<record xmlns="http://www.loc.gov/MARC21/slim"
xmlns:xsi="http://www.w3.org/2001/XMLSchema-instance"
xsi:schemaLocation="http://www.loc.gov/MARC21/slim
http://www.loc.gov/standards/marcxml/schema/MARC21slim.xsd">
  <leader>05917cam  2200601Ka 4500</leader>
  <controlfield tag="001">032526796</controlfield>
  <datafield tag="245" ind1="0" ind2="0">
    <subfield code="a">Pediatric infectious diseases</subfield>
    <subfield code="h">[electronic resource] /</subfield>
    <subfield code="c">[edited by] Jeffrey M. Bergelson, Samir S. Shah, Theoklis E. Zaoutis.</subfield>
  </datafield>
</record>