

<record xmlns="http://www.loc.gov/MARC21/slim"
xmlns:xsi="http://www.w3.org/2001/XMLSchema-instance"
xsi:schemaLocation="http://www.loc.gov/MARC21/slim
http://www.loc.gov/standards/marcxml/schema/MARC21slim.xsd">
  <leader>03828cam  2200601Ka 4500</leader>
  <controlfield tag="001">032526753</controlfield>
  <datafield tag="245" ind1="0" ind2="0">
    <subfield code="a">Pearson&apos;s thoracic &amp; esophageal surgery</subfield>
    <subfield code="h">[electronic resource].</subfield>
  </datafield>
  <datafield tag="500" ind1=" " ind2=" ">
    <subfield code="a">Rev. and combined ed. of: Esophageal surgery / edited by F. Griffith Pearson ... [et al.]. 2nd ed. c2002 and Thoracic surgery / edited by F. Griffith Pearson ... [et al.]. 2nd ed. c2002.</subfield>
  </datafield>
</record>