

<record xmlns="http://www.loc.gov/MARC21/slim"
xmlns:xsi="http://www.w3.org/2001/XMLSchema-instance"
xsi:schemaLocation="http://www.loc.gov/MARC21/slim
http://www.loc.gov/standards/marcxml/schema/MARC21slim.xsd">
  <leader>10911cam  2200589Ia 4500</leader>
  <controlfield tag="001">032526491</controlfield>
  <datafield tag="245" ind1="0" ind2="0">
    <subfield code="a">Interventional spine</subfield>
    <subfield code="h">[electronic resource] :</subfield>
    <subfield code="b">an algorithmic approach /</subfield>
    <subfield code="c">editors, Curtis W. Slipman ... [et al.] ; associate editors, Larry H. Chou ... [et al.].</subfield>
  </datafield>
  <datafield tag="500" ind1=" " ind2=" ">
    <subfield code="a">CD-ROM contains the illustrations from the book.</subfield>
  </datafield>
</record>