

<record xmlns="http://www.loc.gov/MARC21/slim"
xmlns:xsi="http://www.w3.org/2001/XMLSchema-instance"
xsi:schemaLocation="http://www.loc.gov/MARC21/slim
http://www.loc.gov/standards/marcxml/schema/MARC21slim.xsd">
  <leader>10436cam  2200649Ia 4500</leader>
  <controlfield tag="001">032526478</controlfield>
  <datafield tag="245" ind1="0" ind2="0">
    <subfield code="a">Motion preservation surgery of the spine</subfield>
    <subfield code="h">[electronic resource] :</subfield>
    <subfield code="b">advanced techniques and controversies /</subfield>
    <subfield code="c">[edited by] James J. Yue ... [et al.].</subfield>
  </datafield>
</record>