

<record xmlns="http://www.loc.gov/MARC21/slim"
xmlns:xsi="http://www.w3.org/2001/XMLSchema-instance"
xsi:schemaLocation="http://www.loc.gov/MARC21/slim
http://www.loc.gov/standards/marcxml/schema/MARC21slim.xsd">
  <leader>04036cam  2200577Ia 4500</leader>
  <controlfield tag="001">032526469</controlfield>
  <datafield tag="245" ind1="0" ind2="4">
    <subfield code="a">The anterior cruciate ligament</subfield>
    <subfield code="h">[electronic resource] :</subfield>
    <subfield code="b">reconstruction and basic science /</subfield>
    <subfield code="c">editor in chief, Chadwick C. Prodromos ; associate editors, Charles H. Brown ... [et al.].</subfield>
  </datafield>
</record>