

<record xmlns="http://www.loc.gov/MARC21/slim"
xmlns:xsi="http://www.w3.org/2001/XMLSchema-instance"
xsi:schemaLocation="http://www.loc.gov/MARC21/slim
http://www.loc.gov/standards/marcxml/schema/MARC21slim.xsd">
  <leader>07143cam  2200721Ia 4500</leader>
  <controlfield tag="001">032526450</controlfield>
  <datafield tag="245" ind1="0" ind2="0">
    <subfield code="a">AAOS atlas of orthoses and assistive devices</subfield>
    <subfield code="h">[electronic resource] /</subfield>
    <subfield code="c">[edited by] John D. Hsu, John W. Michael, John R. Fisk.</subfield>
  </datafield>
  <datafield tag="500" ind1=" " ind2=" ">
    <subfield code="a">Rev. ed. of: Atlas of orthoses and assistive devices / editors, Bertram Goldberg, John D. Hsu. 3rd ed. c1997.</subfield>
  </datafield>
</record>