

<record xmlns="http://www.loc.gov/MARC21/slim"
xmlns:xsi="http://www.w3.org/2001/XMLSchema-instance"
xsi:schemaLocation="http://www.loc.gov/MARC21/slim
http://www.loc.gov/standards/marcxml/schema/MARC21slim.xsd">
  <leader>05355cam  2200529Ia 4500</leader>
  <controlfield tag="001">032526430</controlfield>
  <datafield tag="245" ind1="0" ind2="0">
    <subfield code="a">Colposcopy, principles and practice</subfield>
    <subfield code="h">[electronic resource] :</subfield>
    <subfield code="b">an integrated textbook and atlas /</subfield>
    <subfield code="c">[edited by] Barbara S. Apgar, Gregory L. Brotzman, Mark Spitzer.</subfield>
  </datafield>
</record>