

<record xmlns="http://www.loc.gov/MARC21/slim"
xmlns:xsi="http://www.w3.org/2001/XMLSchema-instance"
xsi:schemaLocation="http://www.loc.gov/MARC21/slim
http://www.loc.gov/standards/marcxml/schema/MARC21slim.xsd">
  <leader>04818cam  2200445Ia 4500</leader>
  <controlfield tag="001">032526384</controlfield>
  <datafield tag="245" ind1="0" ind2="0">
    <subfield code="a">Hysteroscopy</subfield>
    <subfield code="h">[electronic resource] :</subfield>
    <subfield code="b">office evaluation and management of the uterine cavity /</subfield>
    <subfield code="c">edited by Linda Bradley, Tommaso Falcone.</subfield>
  </datafield>
</record>