

<record xmlns="http://www.loc.gov/MARC21/slim"
xmlns:xsi="http://www.w3.org/2001/XMLSchema-instance"
xsi:schemaLocation="http://www.loc.gov/MARC21/slim
http://www.loc.gov/standards/marcxml/schema/MARC21slim.xsd">
  <leader>06602cam  2200625Ia 4500</leader>
  <controlfield tag="001">032526365</controlfield>
  <datafield tag="245" ind1="0" ind2="0">
    <subfield code="a">Pediatric respiratory medicine</subfield>
    <subfield code="h">[electronic resource] /</subfield>
    <subfield code="c">editors, Lynn M. Taussig, Louis I. Landau ; associate editors, Peter N. Le Souëf ... [et al.].</subfield>
  </datafield>
</record>