

<record xmlns="http://www.loc.gov/MARC21/slim"
xmlns:xsi="http://www.w3.org/2001/XMLSchema-instance"
xsi:schemaLocation="http://www.loc.gov/MARC21/slim
http://www.loc.gov/standards/marcxml/schema/MARC21slim.xsd">
  <leader>03653cam  2200565Ia 4500</leader>
  <controlfield tag="001">032526364</controlfield>
  <datafield tag="245" ind1="0" ind2="0">
    <subfield code="a">Mechanical ventilation</subfield>
    <subfield code="h">[electronic resource] :</subfield>
    <subfield code="b">clinical applications and pathophysiology /</subfield>
    <subfield code="c">[edited by] Peter J. Papadakos, Burkhard Lachmann ; editorial assistant, Laraine Visser-Isles.</subfield>
  </datafield>
</record>