

<record xmlns="http://www.loc.gov/MARC21/slim"
xmlns:xsi="http://www.w3.org/2001/XMLSchema-instance"
xsi:schemaLocation="http://www.loc.gov/MARC21/slim
http://www.loc.gov/standards/marcxml/schema/MARC21slim.xsd">
  <leader>09259cam  2200589Ia 4500</leader>
  <controlfield tag="001">032526361</controlfield>
  <datafield tag="245" ind1="0" ind2="0">
    <subfield code="a">Family medicine obstetrics</subfield>
    <subfield code="h">[electronic resource] /</subfield>
    <subfield code="c">[edited by] Stephen D. Ratcliffe ... [et al.].</subfield>
  </datafield>
  <datafield tag="500" ind1=" " ind2=" ">
    <subfield code="a">Rev. ed. of: Family practice obstetrics.</subfield>
  </datafield>
</record>