

<record xmlns="http://www.loc.gov/MARC21/slim"
xmlns:xsi="http://www.w3.org/2001/XMLSchema-instance"
xsi:schemaLocation="http://www.loc.gov/MARC21/slim
http://www.loc.gov/standards/marcxml/schema/MARC21slim.xsd">
  <leader>04350cam  2200565Ia 4500</leader>
  <controlfield tag="001">032526360</controlfield>
  <datafield tag="245" ind1="0" ind2="0">
    <subfield code="a">Handbook of dialysis therapy</subfield>
    <subfield code="h">[electronic resource] /</subfield>
    <subfield code="c">[edited by] Allen R. Nissenson, Richard N. Fine.</subfield>
  </datafield>
  <datafield tag="500" ind1=" " ind2=" ">
    <subfield code="a">Rev. ed. of: Dialysis therapy / [edited by] Allen R. Nissenson, Richard N. FIne. 3rd ed. c2002.</subfield>
  </datafield>
</record>