

<record xmlns="http://www.loc.gov/MARC21/slim"
xmlns:xsi="http://www.w3.org/2001/XMLSchema-instance"
xsi:schemaLocation="http://www.loc.gov/MARC21/slim
http://www.loc.gov/standards/marcxml/schema/MARC21slim.xsd">
  <leader>03577cam  2200601Ia 4500</leader>
  <controlfield tag="001">032526353</controlfield>
  <datafield tag="245" ind1="0" ind2="0">
    <subfield code="a">Diastology</subfield>
    <subfield code="h">[electronic resource] :</subfield>
    <subfield code="b">clinical approach to diastolic heart failure /</subfield>
    <subfield code="c">[edited by] Allan L. Klein, Mario J. Garcia.</subfield>
  </datafield>
</record>