

<record xmlns="http://www.loc.gov/MARC21/slim"
xmlns:xsi="http://www.w3.org/2001/XMLSchema-instance"
xsi:schemaLocation="http://www.loc.gov/MARC21/slim
http://www.loc.gov/standards/marcxml/schema/MARC21slim.xsd">
  <leader>04269cam  2200661Ia 4500</leader>
  <controlfield tag="001">032526327</controlfield>
  <datafield tag="245" ind1="0" ind2="0">
    <subfield code="a">Therapy in nephrology &amp; hypertension</subfield>
    <subfield code="h">[electronic resource] :</subfield>
    <subfield code="b">a companion to Brenner &amp; Rector&apos;s The kidney /</subfield>
    <subfield code="c">[edited by] Christopher S. Wilcox.</subfield>
  </datafield>
</record>