

<record xmlns="http://www.loc.gov/MARC21/slim"
xmlns:xsi="http://www.w3.org/2001/XMLSchema-instance"
xsi:schemaLocation="http://www.loc.gov/MARC21/slim
http://www.loc.gov/standards/marcxml/schema/MARC21slim.xsd">
  <leader>04282cam  2200673Ia 4500</leader>
  <controlfield tag="001">032340727</controlfield>
  <datafield tag="245" ind1="0" ind2="0">
    <subfield code="a">Comprehensive handbook of clinical health psychology</subfield>
    <subfield code="h">[electronic resource] /</subfield>
    <subfield code="c">edited by Bret A. Boyer and M. Indira Paharia.</subfield>
  </datafield>
</record>