

<record xmlns="http://www.loc.gov/MARC21/slim"
xmlns:xsi="http://www.w3.org/2001/XMLSchema-instance"
xsi:schemaLocation="http://www.loc.gov/MARC21/slim
http://www.loc.gov/standards/marcxml/schema/MARC21slim.xsd">
  <leader>     cam  2200457 a 4500</leader>
  <controlfield tag="001">031813937</controlfield>
  <datafield tag="245" ind1="0" ind2="0">
    <subfield code="a">Clinical vignettes for the USMLE step 1 :</subfield>
    <subfield code="b">PreTest self-assessment and review.</subfield>
  </datafield>
  <datafield tag="500" ind1=" " ind2=" ">
    <subfield code="a">At head of title: PreTest.</subfield>
  </datafield>
</record>