

<record xmlns="http://www.loc.gov/MARC21/slim"
xmlns:xsi="http://www.w3.org/2001/XMLSchema-instance"
xsi:schemaLocation="http://www.loc.gov/MARC21/slim
http://www.loc.gov/standards/marcxml/schema/MARC21slim.xsd">
  <leader>     cam  2200457Ia 4500</leader>
  <controlfield tag="001">031782874</controlfield>
  <datafield tag="245" ind1="0" ind2="0">
    <subfield code="a">Epilepsy</subfield>
    <subfield code="h">[electronic resource] :</subfield>
    <subfield code="b">a comprehensive textbook /</subfield>
    <subfield code="c">editors, Jerome Engel, Jr., Timothy A. Pedley ; associate editors, Jean Aicardi ... [et al.].</subfield>
  </datafield>
</record>