

<record xmlns="http://www.loc.gov/MARC21/slim"
xmlns:xsi="http://www.w3.org/2001/XMLSchema-instance"
xsi:schemaLocation="http://www.loc.gov/MARC21/slim
http://www.loc.gov/standards/marcxml/schema/MARC21slim.xsd">
  <leader>     cam  2200457Ka 4500</leader>
  <controlfield tag="001">030648968</controlfield>
  <datafield tag="245" ind1="0" ind2="0">
    <subfield code="a">Physical diagnosis secrets</subfield>
    <subfield code="h">[electronic resource] /</subfield>
    <subfield code="c">Salvatore Mangione.</subfield>
  </datafield>
  <datafield tag="500" ind1=" " ind2=" ">
    <subfield code="a">Rev. ed. of: Physical diagnosis secrets / [edited by] Salvatore Mangione. c2000.</subfield>
  </datafield>
</record>