

<record xmlns="http://www.loc.gov/MARC21/slim"
xmlns:xsi="http://www.w3.org/2001/XMLSchema-instance"
xsi:schemaLocation="http://www.loc.gov/MARC21/slim
http://www.loc.gov/standards/marcxml/schema/MARC21slim.xsd">
  <leader>     cgm  2200517Ma 4500</leader>
  <controlfield tag="001">029744188</controlfield>
  <datafield tag="245" ind1="0" ind2="0">
    <subfield code="a">Diagnosing depression</subfield>
    <subfield code="h">[videorecording] /</subfield>
    <subfield code="c">Information Television Network.</subfield>
  </datafield>
  <datafield tag="500" ind1=" " ind2=" ">
    <subfield code="a">Films on Demand is distributed by Films Media Group for Films for the Humanities &amp; Sciences, Cambridge Educational, Meridian Education, and Shopware.</subfield>
    <subfield code="5">FTaSU</subfield>
  </datafield>
  <datafield tag="500" ind1=" " ind2=" ">
    <subfield code="a">Encoded with permission for digital streaming by Films Media Group on Jan. 23, 2008.</subfield>
    <subfield code="5">FTaSU</subfield>
  </datafield>
  <datafield tag="500" ind1=" " ind2=" ">
    <subfield code="a">Title from distributor&apos;s description.</subfield>
    <subfield code="5">FTaSU</subfield>
  </datafield>
</record>