

<record xmlns="http://www.loc.gov/MARC21/slim"
xmlns:xsi="http://www.w3.org/2001/XMLSchema-instance"
xsi:schemaLocation="http://www.loc.gov/MARC21/slim
http://www.loc.gov/standards/marcxml/schema/MARC21slim.xsd">
  <leader>     cam  2200289Ia 4500</leader>
  <controlfield tag="001">029520400</controlfield>
  <datafield tag="245" ind1="0" ind2="0">
    <subfield code="a">Protecting patients, preserving integrity, advancing health :</subfield>
    <subfield code="b">accelerating the implementation of COI policies in human subjects research : a report of the AAMC-AAU Advisory Committee on Financial Conflicts of Interest in Human Subjects Research.</subfield>
  </datafield>
  <datafield tag="500" ind1=" " ind2=" ">
    <subfield code="a">&quot;February 2008.&quot;</subfield>
  </datafield>
</record>