

<record xmlns="http://www.loc.gov/MARC21/slim"
xmlns:xsi="http://www.w3.org/2001/XMLSchema-instance"
xsi:schemaLocation="http://www.loc.gov/MARC21/slim
http://www.loc.gov/standards/marcxml/schema/MARC21slim.xsd">
  <leader>10426cam  2200517Ia 4500</leader>
  <controlfield tag="001">029317824</controlfield>
  <datafield tag="245" ind1="0" ind2="0">
    <subfield code="a">AIDS therapy</subfield>
    <subfield code="h">[electronic resource] /</subfield>
    <subfield code="c">[edited by] Raphael Dolin, Henry Masur, Michael S. Saag.</subfield>
  </datafield>
</record>