

<record xmlns="http://www.loc.gov/MARC21/slim"
xmlns:xsi="http://www.w3.org/2001/XMLSchema-instance"
xsi:schemaLocation="http://www.loc.gov/MARC21/slim
http://www.loc.gov/standards/marcxml/schema/MARC21slim.xsd">
  <leader>     nam a22      a 4500</leader>
  <controlfield tag="001">029143469</controlfield>
  <datafield tag="245" ind1="0" ind2="0">
    <subfield code="a">Dental management of the medically compromised patient</subfield>
    <subfield code="h">[electronic resource] /</subfield>
    <subfield code="c">James W. Little ... [et al.].</subfield>
  </datafield>
  <datafield tag="500" ind1=" " ind2=" ">
    <subfield code="a">Sub cancelled 4/15/2009.</subfield>
    <subfield code="5">FTaSU</subfield>
  </datafield>
  <datafield tag="500" ind1=" " ind2=" ">
    <subfield code="a">Title from the screen (viewed Jan .7, 2008) .</subfield>
  </datafield>
</record>