

<record xmlns="http://www.loc.gov/MARC21/slim"
xmlns:xsi="http://www.w3.org/2001/XMLSchema-instance"
xsi:schemaLocation="http://www.loc.gov/MARC21/slim
http://www.loc.gov/standards/marcxml/schema/MARC21slim.xsd">
  <leader>     cam  22005534a 4500</leader>
  <controlfield tag="001">028891868</controlfield>
  <datafield tag="245" ind1="0" ind2="0">
    <subfield code="a">Health promotion and disease prevention in clinical practice /</subfield>
    <subfield code="c">[edited by] Steven H. Woolf, Steven Jonas, Evonne Kaplan-Liss.</subfield>
  </datafield>
</record>