

<record xmlns="http://www.loc.gov/MARC21/slim"
xmlns:xsi="http://www.w3.org/2001/XMLSchema-instance"
xsi:schemaLocation="http://www.loc.gov/MARC21/slim
http://www.loc.gov/standards/marcxml/schema/MARC21slim.xsd">
  <leader>03576cam  2200517Ia 4500</leader>
  <controlfield tag="001">028696128</controlfield>
  <datafield tag="245" ind1="0" ind2="0">
    <subfield code="a">Albert &amp; Jakobiec&apos;s principles and practice of ophthalmology</subfield>
    <subfield code="h">[electronic resource] /</subfield>
    <subfield code="c">[edited by] Daniel M. Albert, Joan W. Miller ; associate editors, Dimitri T. Azar ... [et al.].</subfield>
  </datafield>
  <datafield tag="500" ind1=" " ind2=" ">
    <subfield code="a">Rev. ed. of: Principles and practice of ophthalmology / edited by Daniel M. Albert, Frederick A. Jakobiec. 2nd ed. c2000.</subfield>
    <subfield code="5">FBoU</subfield>
  </datafield>
</record>