

<record xmlns="http://www.loc.gov/MARC21/slim"
xmlns:xsi="http://www.w3.org/2001/XMLSchema-instance"
xsi:schemaLocation="http://www.loc.gov/MARC21/slim
http://www.loc.gov/standards/marcxml/schema/MARC21slim.xsd">
  <leader>     cgm  2200505Ia 4500</leader>
  <controlfield tag="001">027798037</controlfield>
  <datafield tag="245" ind1="0" ind2="0">
    <subfield code="a">Beginnings of Judaism</subfield>
    <subfield code="h">[videorecording] /</subfield>
    <subfield code="c">The Teaching Company.</subfield>
  </datafield>
  <datafield tag="500" ind1=" " ind2=" ">
    <subfield code="a">Course consists of 24 lectures (approx. 30 min. each).</subfield>
  </datafield>
  <datafield tag="500" ind1=" " ind2=" ">
    <subfield code="a">Accompanying course guidebook includes lecture outlines and notes, timeline, glossary, biographical notes, and bibliography.</subfield>
  </datafield>
  <datafield tag="500" ind1=" " ind2=" ">
    <subfield code="a">Special features: information about the professor.</subfield>
  </datafield>
  <datafield tag="500" ind1=" " ind2=" ">
    <subfield code="a">Twenty four lectures of 30 minutes each.</subfield>
  </datafield>
</record>