

<record xmlns="http://www.loc.gov/MARC21/slim"
xmlns:xsi="http://www.w3.org/2001/XMLSchema-instance"
xsi:schemaLocation="http://www.loc.gov/MARC21/slim
http://www.loc.gov/standards/marcxml/schema/MARC21slim.xsd">
  <leader>     cam  2200505Ia 4500</leader>
  <controlfield tag="001">027791377</controlfield>
  <datafield tag="245" ind1="0" ind2="0">
    <subfield code="a">Diagnostic tests</subfield>
    <subfield code="h">[electronic resource].</subfield>
  </datafield>
  <datafield tag="500" ind1=" " ind2=" ">
    <subfield code="a">Title from cover image and table of contents, viewed May 13, 2008.</subfield>
    <subfield code="5">FTS</subfield>
  </datafield>
  <datafield tag="500" ind1=" " ind2=" ">
    <subfield code="a">Originally published in print: Pocket guide to diagnostic tests, 5th ed.,c2008.</subfield>
    <subfield code="5">FTS</subfield>
  </datafield>
  <datafield tag="500" ind1=" " ind2=" ">
    <subfield code="a">&quot;Featuring the content of Pocket Guide to Diagnostic Tests, 5e, by Diana Nicoll, Stephen J. McPhee, Michael Pignone, Chuanyi Mark Lu&quot;--AccessPharmacy webpage</subfield>
    <subfield code="5">FTS</subfield>
  </datafield>
  <datafield tag="500" ind1=" " ind2=" ">
    <subfield code="a">Previous ed.: 2004.</subfield>
    <subfield code="5">FTS</subfield>
  </datafield>
</record>