

<record xmlns="http://www.loc.gov/MARC21/slim"
xmlns:xsi="http://www.w3.org/2001/XMLSchema-instance"
xsi:schemaLocation="http://www.loc.gov/MARC21/slim
http://www.loc.gov/standards/marcxml/schema/MARC21slim.xsd">
  <leader>05613cam  2200517Ia 4500</leader>
  <controlfield tag="001">027466014</controlfield>
  <datafield tag="245" ind1="0" ind2="0">
    <subfield code="a">Global HIV/AIDS medicine</subfield>
    <subfield code="h">[electronic resource] /</subfield>
    <subfield code="c">edited by Paul A. Volberding ... [et al.] ; associate editor, Joel E. Gallant ; assistant editor, Carrie Clark.</subfield>
  </datafield>
</record>