

<record xmlns="http://www.loc.gov/MARC21/slim"
xmlns:xsi="http://www.w3.org/2001/XMLSchema-instance"
xsi:schemaLocation="http://www.loc.gov/MARC21/slim
http://www.loc.gov/standards/marcxml/schema/MARC21slim.xsd">
  <leader>08611cam  2200589Ia 4500</leader>
  <controlfield tag="001">027465992</controlfield>
  <datafield tag="245" ind1="0" ind2="0">
    <subfield code="a">Baxter&apos;s the foot and ankle in sport</subfield>
    <subfield code="h">[electronic resource] /</subfield>
    <subfield code="c">[edited by] David A. Porter, Lew C. Schon.</subfield>
  </datafield>
  <datafield tag="500" ind1=" " ind2=" ">
    <subfield code="a">Rev. ed. of: The foot and ankle in sport / edited by Donald E. Baxter. c1995.</subfield>
    <subfield code="5">FMFIU</subfield>
  </datafield>
</record>