

<record xmlns="http://www.loc.gov/MARC21/slim"
xmlns:xsi="http://www.w3.org/2001/XMLSchema-instance"
xsi:schemaLocation="http://www.loc.gov/MARC21/slim
http://www.loc.gov/standards/marcxml/schema/MARC21slim.xsd">
  <leader>00000nam  2200337u  4500</leader>
  <controlfield tag="001">026271319</controlfield>
  <datafield tag="245" ind1="0" ind2="0">
    <subfield code="a">Ferri&apos;s clinical advisor</subfield>
    <subfield code="h">[electronic resource] :</subfield>
    <subfield code="b">instant diagnosis and treatment /</subfield>
    <subfield code="c">[edited by] Fred F. Ferri.</subfield>
  </datafield>
  <datafield tag="500" ind1=" " ind2=" ">
    <subfield code="a">Title from the screen (viewed Sep.18, 2006).</subfield>
  </datafield>
  <datafield tag="500" ind1=" " ind2=" ">
    <subfield code="a">Includes index.</subfield>
  </datafield>
  <datafield tag="500" ind1=" " ind2=" ">
    <subfield code="a">Access restricted to FSU students, faculty and staff.</subfield>
    <subfield code="5">FTaSU</subfield>
  </datafield>
</record>