

<record xmlns="http://www.loc.gov/MARC21/slim"
xmlns:xsi="http://www.w3.org/2001/XMLSchema-instance"
xsi:schemaLocation="http://www.loc.gov/MARC21/slim
http://www.loc.gov/standards/marcxml/schema/MARC21slim.xsd">
  <leader>     nam  22003734a 4500</leader>
  <controlfield tag="001">025237605</controlfield>
  <datafield tag="245" ind1="0" ind2="0">
    <subfield code="a">Neurology and general medicine</subfield>
    <subfield code="h">[electronic resource] /</subfield>
    <subfield code="c">[edited by] Michael J. Aminoff.</subfield>
  </datafield>
  <datafield tag="500" ind1=" " ind2=" ">
    <subfield code="a">Title from MDC&apos;s title page (viewed April 6, 2010).</subfield>
  </datafield>
</record>