

<record xmlns="http://www.loc.gov/MARC21/slim"
xmlns:xsi="http://www.w3.org/2001/XMLSchema-instance"
xsi:schemaLocation="http://www.loc.gov/MARC21/slim
http://www.loc.gov/standards/marcxml/schema/MARC21slim.xsd">
  <leader>     nam  22003854a 4500</leader>
  <controlfield tag="001">022133407</controlfield>
  <datafield tag="245" ind1="0" ind2="2">
    <subfield code="a">A guide to the primary care of neurological disorders</subfield>
    <subfield code="h">[electronic resource] /</subfield>
    <subfield code="c">A. John Popp; associate editor, Eric M. Deshaies.</subfield>
  </datafield>
  <datafield tag="500" ind1=" " ind2=" ">
    <subfield code="a">Title from homepage (viewed June 11, 2010).</subfield>
    <subfield code="5">FMFIU</subfield>
    <subfield code="5">FTS</subfield>
  </datafield>
  <datafield tag="500" ind1=" " ind2=" ">
    <subfield code="a">Title from title page (viewed June 11, 2010).</subfield>
    <subfield code="5">FTaSU</subfield>
  </datafield>
  <datafield tag="500" ind1=" " ind2=" ">
    <subfield code="a">Made available through: Thieme ElectronicBook Library.</subfield>
    <subfield code="5">FBoU</subfield>
  </datafield>
  <datafield tag="500" ind1=" " ind2=" ">
    <subfield code="a">A co-publication of Thieme and the American Association of Neurological Surgeons.</subfield>
    <subfield code="5">FBoU</subfield>
  </datafield>
  <datafield tag="500" ind1=" " ind2=" ">
    <subfield code="a">Specialty: Neurology.</subfield>
    <subfield code="5">FBoU</subfield>
  </datafield>
</record>