

<record xmlns="http://www.loc.gov/MARC21/slim"
xmlns:xsi="http://www.w3.org/2001/XMLSchema-instance"
xsi:schemaLocation="http://www.loc.gov/MARC21/slim
http://www.loc.gov/standards/marcxml/schema/MARC21slim.xsd">
  <leader>     cam  2200481Ma 4500</leader>
  <controlfield tag="001">021972169</controlfield>
  <datafield tag="245" ind1="0" ind2="0">
    <subfield code="a">Ostergard&apos;s urogynecology and pelvic floor dysfunction</subfield>
    <subfield code="h">[electronic resource].</subfield>
  </datafield>
  <datafield tag="500" ind1=" " ind2=" ">
    <subfield code="a">Description based on print version record.</subfield>
    <subfield code="5">FMFIU</subfield>
  </datafield>
</record>