

<record xmlns="http://www.loc.gov/MARC21/slim"
xmlns:xsi="http://www.w3.org/2001/XMLSchema-instance"
xsi:schemaLocation="http://www.loc.gov/MARC21/slim
http://www.loc.gov/standards/marcxml/schema/MARC21slim.xsd">
  <leader>     nam  2200481Ia 4500</leader>
  <controlfield tag="001">021790110</controlfield>
  <datafield tag="245" ind1="0" ind2="0">
    <subfield code="a">PET-CT in radiotherapy treatment planning</subfield>
    <subfield code="h">[electronic resource] /</subfield>
    <subfield code="c">edited by Arnold C. Paulino ; associate editor, Bin S. Teh.</subfield>
  </datafield>
</record>