

<record xmlns="http://www.loc.gov/MARC21/slim"
xmlns:xsi="http://www.w3.org/2001/XMLSchema-instance"
xsi:schemaLocation="http://www.loc.gov/MARC21/slim
http://www.loc.gov/standards/marcxml/schema/MARC21slim.xsd">
  <leader>02177cas a2200565 a 4500</leader>
  <controlfield tag="001">021486683</controlfield>
  <datafield tag="245" ind1="0" ind2="4">
    <subfield code="a">The World Allergy Organization journal</subfield>
    <subfield code="h">[electronic resource].</subfield>
  </datafield>
  <datafield tag="500" ind1=" " ind2=" ">
    <subfield code="a">Title from Ovid&apos;s title page (viewed March 28, 2011).</subfield>
    <subfield code="5">FTaSU</subfield>
  </datafield>
  <datafield tag="500" ind1=" " ind2=" ">
    <subfield code="a">Description based on first issue; title from issue table of contents (Ovid Web site, viewed Feb. 7, 2008).</subfield>
    <subfield code="5">FTS</subfield>
  </datafield>
</record>