

<record xmlns="http://www.loc.gov/MARC21/slim"
xmlns:xsi="http://www.w3.org/2001/XMLSchema-instance"
xsi:schemaLocation="http://www.loc.gov/MARC21/slim
http://www.loc.gov/standards/marcxml/schema/MARC21slim.xsd">
  <leader>01514nam  2200409Ia 4500</leader>
  <controlfield tag="001">021470316</controlfield>
  <datafield tag="245" ind1="0" ind2="0">
    <subfield code="a">Case files.</subfield>
    <subfield code="p">Pathology</subfield>
    <subfield code="h">[electronic resource] /</subfield>
    <subfield code="c">Eugene C. Toy ... [et al.].</subfield>
  </datafield>
  <datafield tag="500" ind1=" " ind2=" ">
    <subfield code="a">Title from PDF title page (viewed on May 20, 2008).</subfield>
    <subfield code="5">FBoU</subfield>
    <subfield code="5">FTaFA</subfield>
    <subfield code="5">FMFIU</subfield>
  </datafield>
</record>