

<record xmlns="http://www.loc.gov/MARC21/slim"
xmlns:xsi="http://www.w3.org/2001/XMLSchema-instance"
xsi:schemaLocation="http://www.loc.gov/MARC21/slim
http://www.loc.gov/standards/marcxml/schema/MARC21slim.xsd">
  <leader>     cam  2200553 a 4500</leader>
  <controlfield tag="001">021321619</controlfield>
  <datafield tag="245" ind1="0" ind2="4">
    <subfield code="a">The complete writing guide to NIH behavioral science grants /</subfield>
    <subfield code="c">edited by Lawrence M. Scheier &amp; William L. Dewey.</subfield>
  </datafield>
</record>