

<record xmlns="http://www.loc.gov/MARC21/slim"
xmlns:xsi="http://www.w3.org/2001/XMLSchema-instance"
xsi:schemaLocation="http://www.loc.gov/MARC21/slim
http://www.loc.gov/standards/marcxml/schema/MARC21slim.xsd">
  <leader>     cgm  22003614a 4500</leader>
  <controlfield tag="001">021087362</controlfield>
  <datafield tag="245" ind1="0" ind2="0">
    <subfield code="a">Critical condition</subfield>
    <subfield code="h">[videorecording] /</subfield>
    <subfield code="c">Filmakers Library ; a production of Public Policy Productions in association with Thirteen/WNET New York.</subfield>
  </datafield>
</record>