

<record xmlns="http://www.loc.gov/MARC21/slim"
xmlns:xsi="http://www.w3.org/2001/XMLSchema-instance"
xsi:schemaLocation="http://www.loc.gov/MARC21/slim
http://www.loc.gov/standards/marcxml/schema/MARC21slim.xsd">
  <leader>     cam  22004094a 4500</leader>
  <controlfield tag="001">020991909</controlfield>
  <datafield tag="245" ind1="0" ind2="0">
    <subfield code="a">Quick answers to medical diagnosis and therapy</subfield>
    <subfield code="h">[electronic resource] /</subfield>
    <subfield code="c">[consultants, Stephen J. McPhee and Maxine A. Papadakis].</subfield>
  </datafield>
  <datafield tag="500" ind1=" " ind2=" ">
    <subfield code="a">Title from title page (viewed Jan. 27, 2009).</subfield>
  </datafield>
  <datafield tag="500" ind1=" " ind2=" ">
    <subfield code="a">Made available via McGraw-Hill&apos;s AccessMedicine.</subfield>
  </datafield>
  <datafield tag="500" ind1=" " ind2=" ">
    <subfield code="a">&quot;Content is derived from Current medical diagnosis &amp; treatment (CMDT), the leading medicine textbook for hospital and outpatient settings, now in its 48th edition&quot;--Pref.</subfield>
  </datafield>
</record>