

<record xmlns="http://www.loc.gov/MARC21/slim"
xmlns:xsi="http://www.w3.org/2001/XMLSchema-instance"
xsi:schemaLocation="http://www.loc.gov/MARC21/slim
http://www.loc.gov/standards/marcxml/schema/MARC21slim.xsd">
  <leader>     nam  22004214a 4500</leader>
  <controlfield tag="001">020991326</controlfield>
  <datafield tag="245" ind1="0" ind2="0">
    <subfield code="a">Harrison&apos;s online</subfield>
    <subfield code="h">[electronic resource] :</subfield>
    <subfield code="b">featuring the complete contents of Harrison&apos;s Principles of internal medicine, 17th edition /</subfield>
    <subfield code="c">editors, Anthony S. Fauci... [et al.]</subfield>
  </datafield>
  <datafield tag="500" ind1=" " ind2=" ">
    <subfield code="a">Title from table of contents screen (viewed Jan. 22, 2008).</subfield>
  </datafield>
</record>