

<record xmlns="http://www.loc.gov/MARC21/slim"
xmlns:xsi="http://www.w3.org/2001/XMLSchema-instance"
xsi:schemaLocation="http://www.loc.gov/MARC21/slim
http://www.loc.gov/standards/marcxml/schema/MARC21slim.xsd">
  <leader>     cam a2200637Ia 4500</leader>
  <controlfield tag="001">020986942</controlfield>
  <datafield tag="245" ind1="0" ind2="4">
    <subfield code="a">The molecular basis of cancer /</subfield>
    <subfield code="c">[edited by] John Mendelsohn [and others].</subfield>
  </datafield>
  <datafield tag="500" ind1=" " ind2=" ">
    <subfield code="a">Title from the screen (viewed Jan. 21, 2009).</subfield>
  </datafield>
</record>