

<record xmlns="http://www.loc.gov/MARC21/slim"
xmlns:xsi="http://www.w3.org/2001/XMLSchema-instance"
xsi:schemaLocation="http://www.loc.gov/MARC21/slim
http://www.loc.gov/standards/marcxml/schema/MARC21slim.xsd">
  <leader>     cgm  2200313Ia 4500</leader>
  <controlfield tag="001">020960029</controlfield>
  <datafield tag="245" ind1="0" ind2="0">
    <subfield code="a">Immokalee U.S.A.</subfield>
    <subfield code="h">[videorecording] /</subfield>
    <subfield code="c">Substream Independent in association with La Razza Films presents a Georg Koszulinski picture ; produced, directed &amp; edited by Georg Koszulinski.</subfield>
  </datafield>
</record>