

<record xmlns="http://www.loc.gov/MARC21/slim"
xmlns:xsi="http://www.w3.org/2001/XMLSchema-instance"
xsi:schemaLocation="http://www.loc.gov/MARC21/slim
http://www.loc.gov/standards/marcxml/schema/MARC21slim.xsd">
  <leader>     cam  22004934a 4500</leader>
  <controlfield tag="001">020895473</controlfield>
  <datafield tag="245" ind1="0" ind2="4">
    <subfield code="a">The 5-minute obstetrics and gynecology consult /</subfield>
    <subfield code="c">edited by Paula J. Adams Hillard.</subfield>
  </datafield>
</record>