

<record xmlns="http://www.loc.gov/MARC21/slim"
xmlns:xsi="http://www.w3.org/2001/XMLSchema-instance"
xsi:schemaLocation="http://www.loc.gov/MARC21/slim
http://www.loc.gov/standards/marcxml/schema/MARC21slim.xsd">
  <leader>     cam  2200373Ia 4500</leader>
  <controlfield tag="001">020844146</controlfield>
  <datafield tag="245" ind1="0" ind2="0">
    <subfield code="a">Massachusetts General Hospital comprehensive clinical psychiatry</subfield>
    <subfield code="h">[electronic resource] /</subfield>
    <subfield code="c">[edited by] Theodore A. Stern ... [et al.].</subfield>
  </datafield>
  <datafield tag="500" ind1=" " ind2=" ">
    <subfield code="a">Title from screen (viewed October 23, 2009)</subfield>
    <subfield code="5">FTS</subfield>
  </datafield>
  <datafield tag="500" ind1=" " ind2=" ">
    <subfield code="a">&quot;An expert consult title&quot;--Cover.</subfield>
    <subfield code="5">FMFIU</subfield>
    <subfield code="5">FTS</subfield>
  </datafield>
  <datafield tag="500" ind1=" " ind2=" ">
    <subfield code="a">Title from homepage (viewed March 22, 2010).</subfield>
  </datafield>
</record>