

<record xmlns="http://www.loc.gov/MARC21/slim"
xmlns:xsi="http://www.w3.org/2001/XMLSchema-instance"
xsi:schemaLocation="http://www.loc.gov/MARC21/slim
http://www.loc.gov/standards/marcxml/schema/MARC21slim.xsd">
  <leader>     cgm  2200829Ia 4500</leader>
  <controlfield tag="001">020840572</controlfield>
  <datafield tag="245" ind1="0" ind2="0">
    <subfield code="a">Unnatural causes</subfield>
    <subfield code="h">[videorecording] :</subfield>
    <subfield code="b">is inequality making us sick? /</subfield>
    <subfield code="c">produced by California Newsreel ; in association with Vital Pictures ... [et al.] ; presented by National Minority Consortia ; series creator &amp; executive producer, Larry Adelman.</subfield>
  </datafield>
  <datafield tag="500" ind1=" " ind2=" ">
    <subfield code="a">Container insert includes summaries and complete contents of each episode.</subfield>
    <subfield code="5">FBoU</subfield>
    <subfield code="5">FPeU</subfield>
    <subfield code="5">FTaFA</subfield>
    <subfield code="5">FFmFGC</subfield>
    <subfield code="5">FOFT</subfield>
    <subfield code="5">FMFIU</subfield>
  </datafield>
  <datafield tag="500" ind1=" " ind2=" ">
    <subfield code="a">Broadcast by PBS starting march 27, 2008.</subfield>
    <subfield code="5">FBoU</subfield>
  </datafield>
  <datafield tag="500" ind1=" " ind2=" ">
    <subfield code="a">Program notes including contents of episodes ([8] p. : ill.) in container.</subfield>
    <subfield code="5">FU</subfield>
    <subfield code="5">FSsNC</subfield>
    <subfield code="5">FTaSU</subfield>
  </datafield>
  <datafield tag="500" ind1=" " ind2=" ">
    <subfield code="a">Originally produced for American public television in 2008.</subfield>
    <subfield code="5">FPeU</subfield>
    <subfield code="5">FTaFA</subfield>
    <subfield code="5">FFmFGC</subfield>
    <subfield code="5">FOFT</subfield>
    <subfield code="5">FMFIU</subfield>
  </datafield>
</record>