

<record xmlns="http://www.loc.gov/MARC21/slim"
xmlns:xsi="http://www.w3.org/2001/XMLSchema-instance"
xsi:schemaLocation="http://www.loc.gov/MARC21/slim
http://www.loc.gov/standards/marcxml/schema/MARC21slim.xsd">
  <leader>     cam  2200817 a 4500</leader>
  <controlfield tag="001">020557090</controlfield>
  <datafield tag="245" ind1="0" ind2="0">
    <subfield code="a">Molecular biology of the cell /</subfield>
    <subfield code="c">Bruce Alberts ... [et al.] ; with problems by John Wilson, Tim Hunt.</subfield>
  </datafield>
</record>