

<record xmlns="http://www.loc.gov/MARC21/slim"
xmlns:xsi="http://www.w3.org/2001/XMLSchema-instance"
xsi:schemaLocation="http://www.loc.gov/MARC21/slim
http://www.loc.gov/standards/marcxml/schema/MARC21slim.xsd">
  <leader>01774cam  2200457Ia 4500</leader>
  <controlfield tag="001">020502852</controlfield>
  <datafield tag="245" ind1="0" ind2="0">
    <subfield code="a">Ethics and professionalism</subfield>
    <subfield code="h">[electronic resource] :</subfield>
    <subfield code="b">a guide for the physician assistant /</subfield>
    <subfield code="c">[edited by] Barry A. Cassidy, J. Dennis Blessing.</subfield>
  </datafield>
  <datafield tag="500" ind1=" " ind2=" ">
    <subfield code="a">Description based on print version record.</subfield>
    <subfield code="5">FPeU</subfield>
  </datafield>
</record>