

<record xmlns="http://www.loc.gov/MARC21/slim"
xmlns:xsi="http://www.w3.org/2001/XMLSchema-instance"
xsi:schemaLocation="http://www.loc.gov/MARC21/slim
http://www.loc.gov/standards/marcxml/schema/MARC21slim.xsd">
  <leader>03534cam  22005294a 4500</leader>
  <controlfield tag="001">020108323</controlfield>
  <datafield tag="245" ind1="0" ind2="4">
    <subfield code="a">The physiologic basis of surgery /</subfield>
    <subfield code="c">editor, J. Patrick O&apos;Leary ; co-editor, Arnold Tabuenca ; associate editor, Lea Rhea Capote.</subfield>
  </datafield>
</record>