

<record xmlns="http://www.loc.gov/MARC21/slim"
xmlns:xsi="http://www.w3.org/2001/XMLSchema-instance"
xsi:schemaLocation="http://www.loc.gov/MARC21/slim
http://www.loc.gov/standards/marcxml/schema/MARC21slim.xsd">
  <leader>     cas  2200409 a 4500</leader>
  <controlfield tag="001">028522566</controlfield>
  <datafield tag="245" ind1="1" ind2="0">
    <subfield code="a">Alzheimer&apos;s care today</subfield>
    <subfield code="h">[electronic resource].</subfield>
  </datafield>
  <datafield tag="500" ind1=" " ind2=" ">
    <subfield code="a">Title from table of contents (Ovid, viewed on Jan. 10, 2008).</subfield>
    <subfield code="5">FOFT</subfield>
  </datafield>
  <datafield tag="500" ind1=" " ind2=" ">
    <subfield code="a">Latest issue consulted: Vol. 9, issue 2 (Apr./June 2008) (publisher&apos;s website viewed on July 22, 2008).</subfield>
    <subfield code="5">FBoU</subfield>
  </datafield>
  <datafield tag="500" ind1=" " ind2=" ">
    <subfield code="a">Title from issue table of contents page (Ovid Web site, viewed Oct. 17, 2007).</subfield>
    <subfield code="5">FBoU</subfield>
  </datafield>
</record>