

<record xmlns="http://www.loc.gov/MARC21/slim"
xmlns:xsi="http://www.w3.org/2001/XMLSchema-instance"
xsi:schemaLocation="http://www.loc.gov/MARC21/slim
http://www.loc.gov/standards/marcxml/schema/MARC21slim.xsd">
  <leader>02325pam  22003854a 4500</leader>
  <controlfield tag="001">020233189</controlfield>
  <datafield tag="245" ind1="1" ind2="0">
    <subfield code="a">Localization in clinical neurology</subfield>
    <subfield code="h">[electronic resource] /</subfield>
    <subfield code="c">Paul W. Brazis, Jose C. Masdeu, José Biller.</subfield>
  </datafield>
  <datafield tag="500" ind1=" " ind2=" ">
    <subfield code="a">Title from the screen (viewed April 9, 2007).</subfield>
  </datafield>
</record>