

<record xmlns="http://www.loc.gov/MARC21/slim"
xmlns:xsi="http://www.w3.org/2001/XMLSchema-instance"
xsi:schemaLocation="http://www.loc.gov/MARC21/slim
http://www.loc.gov/standards/marcxml/schema/MARC21slim.xsd">
  <leader>     ngm a22      a 4500</leader>
  <controlfield tag="001">020205917</controlfield>
  <datafield tag="245" ind1="1" ind2="0">
    <subfield code="a">Jumping off bridges</subfield>
    <subfield code="h">[videorecording] :</subfield>
    <subfield code="b">falling with a youthful grace /</subfield>
    <subfield code="c">written and dircted by Kat Candler.</subfield>
  </datafield>
  <datafield tag="500" ind1=" " ind2=" ">
    <subfield code="a">Title from the screen (viewed Jan.3, 2008).</subfield>
    <subfield code="5">FTaSU</subfield>
  </datafield>
  <datafield tag="500" ind1=" " ind2=" ">
    <subfield code="a">A story about friendship, a story about strength and a story about finding hope.</subfield>
    <subfield code="5">FTaSU</subfield>
  </datafield>
</record>