

<record xmlns="http://www.loc.gov/MARC21/slim"
xmlns:xsi="http://www.w3.org/2001/XMLSchema-instance"
xsi:schemaLocation="http://www.loc.gov/MARC21/slim
http://www.loc.gov/standards/marcxml/schema/MARC21slim.xsd">
  <leader>03945cam  2200493Ka 4500</leader>
  <controlfield tag="001">032526728</controlfield>
  <datafield tag="245" ind1="1" ind2="0">
    <subfield code="a">Practical guide to the care of the gynecologic/obstetric patient</subfield>
    <subfield code="h">[electronic resource] /</subfield>
    <subfield code="c">George T. Danakas.</subfield>
  </datafield>
</record>