

<record xmlns="http://www.loc.gov/MARC21/slim"
xmlns:xsi="http://www.w3.org/2001/XMLSchema-instance"
xsi:schemaLocation="http://www.loc.gov/MARC21/slim
http://www.loc.gov/standards/marcxml/schema/MARC21slim.xsd">
  <leader>02816nam  2200565 a 4500</leader>
  <controlfield tag="001">027069667</controlfield>
  <datafield tag="245" ind1="1" ind2="0">
    <subfield code="a">Pocket atlas of human anatomy</subfield>
    <subfield code="h">[electronic resource] :</subfield>
    <subfield code="b">founded by Heinz Feneis /</subfield>
    <subfield code="c">Wolfgang Dauber ; [translator, Stephanie Kramer ; illustrator, Gerhard Spitzer].</subfield>
  </datafield>
  <datafield tag="500" ind1=" " ind2=" ">
    <subfield code="a">Specialty: Gross anatomy.</subfield>
    <subfield code="5">FBoU</subfield>
  </datafield>
  <datafield tag="500" ind1=" " ind2=" ">
    <subfield code="a">Made available through: Thieme ElectronicBook Library.</subfield>
    <subfield code="5">FBoU</subfield>
  </datafield>
  <datafield tag="500" ind1=" " ind2=" ">
    <subfield code="a">Title from title page (viewed May 19, 2010).</subfield>
    <subfield code="5">FTaSU</subfield>
  </datafield>
  <datafield tag="500" ind1=" " ind2=" ">
    <subfield code="a">&quot;This book is an authorized and revised translation of the 9th German edition published and copyrighted 2005 by Georg Thieme Verlag, Stuttgart, Germany. Title of the German edition: Feneis&apos; Bild-Lexikon der Anatomie.&quot;</subfield>
    <subfield code="5">FTaSU</subfield>
    <subfield code="5">FBoU</subfield>
  </datafield>
  <datafield tag="500" ind1=" " ind2=" ">
    <subfield code="a">Rev. ed. of: Pocket atlas of human anatomy : based on the international nomenclature / Heinz Feneis, Wolfgang Dauber. 4th ed., fully rev. 2000.</subfield>
    <subfield code="5">FTaSU</subfield>
    <subfield code="5">FBoU</subfield>
  </datafield>
</record>