

<record xmlns="http://www.loc.gov/MARC21/slim"
xmlns:xsi="http://www.w3.org/2001/XMLSchema-instance"
xsi:schemaLocation="http://www.loc.gov/MARC21/slim
http://www.loc.gov/standards/marcxml/schema/MARC21slim.xsd">
  <leader>02480cam  2200577 a 4500</leader>
  <controlfield tag="001">020022501</controlfield>
  <datafield tag="245" ind1="1" ind2="0">
    <subfield code="a">Social software in libraries :</subfield>
    <subfield code="b">building collaboration, communication, and community Online /</subfield>
    <subfield code="c">Meredith G. Farkas.</subfield>
  </datafield>
</record>