

<record xmlns="http://www.loc.gov/MARC21/slim"
xmlns:xsi="http://www.w3.org/2001/XMLSchema-instance"
xsi:schemaLocation="http://www.loc.gov/MARC21/slim
http://www.loc.gov/standards/marcxml/schema/MARC21slim.xsd">
  <leader>01636cam  2200397Ma 4500</leader>
  <controlfield tag="001">032526969</controlfield>
  <datafield tag="245" ind1="1" ind2="0">
    <subfield code="a">Thoracic surgery atlas</subfield>
    <subfield code="h">[electronic resource] /</subfield>
    <subfield code="c">Mark K. Ferguson ; illustrator, Jill Rheed.</subfield>
  </datafield>
</record>