

<record xmlns="http://www.loc.gov/MARC21/slim"
xmlns:xsi="http://www.w3.org/2001/XMLSchema-instance"
xsi:schemaLocation="http://www.loc.gov/MARC21/slim
http://www.loc.gov/standards/marcxml/schema/MARC21slim.xsd">
  <leader>     cam  2200421Ka 4500</leader>
  <controlfield tag="001">032559304</controlfield>
  <datafield tag="245" ind1="1" ind2="0">
    <subfield code="a">Pathology of the placenta</subfield>
    <subfield code="h">electronic resource] /</subfield>
    <subfield code="c">Harold Fox, Neil J. Sebire.</subfield>
  </datafield>
  <datafield tag="500" ind1=" " ind2=" ">
    <subfield code="a">Previous ed.: London: W.B. Saunders, 1997.</subfield>
  </datafield>
</record>