

<record xmlns="http://www.loc.gov/MARC21/slim"
xmlns:xsi="http://www.w3.org/2001/XMLSchema-instance"
xsi:schemaLocation="http://www.loc.gov/MARC21/slim
http://www.loc.gov/standards/marcxml/schema/MARC21slim.xsd">
  <leader>     cam  22004574a 4500</leader>
  <controlfield tag="001">029060741</controlfield>
  <datafield tag="245" ind1="1" ind2="0">
    <subfield code="a">Dynamics of cancer</subfield>
    <subfield code="h">[electronic resource] :</subfield>
    <subfield code="b">incidence, inheritance, and evolution /</subfield>
    <subfield code="c">Steven A. Frank.</subfield>
  </datafield>
  <datafield tag="500" ind1=" " ind2=" ">
    <subfield code="a">Title from electronic title page (viewed Oct. 10, 2007).</subfield>
    <subfield code="5">FTaSU</subfield>
  </datafield>
</record>