

<record xmlns="http://www.loc.gov/MARC21/slim"
xmlns:xsi="http://www.w3.org/2001/XMLSchema-instance"
xsi:schemaLocation="http://www.loc.gov/MARC21/slim
http://www.loc.gov/standards/marcxml/schema/MARC21slim.xsd">
  <leader>     cam  22004334a 4500</leader>
  <controlfield tag="001">028121286</controlfield>
  <datafield tag="245" ind1="1" ind2="0">
    <subfield code="a">Clinician&apos;s pocket reference /</subfield>
    <subfield code="c">by Leonard G. Gomella &amp; Steven A. Haist.</subfield>
  </datafield>
  <datafield tag="500" ind1=" " ind2=" ">
    <subfield code="a">&quot;The famous scut monkey handbook&quot;- cover</subfield>
  </datafield>
</record>