

<record xmlns="http://www.loc.gov/MARC21/slim"
xmlns:xsi="http://www.w3.org/2001/XMLSchema-instance"
xsi:schemaLocation="http://www.loc.gov/MARC21/slim
http://www.loc.gov/standards/marcxml/schema/MARC21slim.xsd">
  <leader>     cam  2200481Ia 4500</leader>
  <controlfield tag="001">020163163</controlfield>
  <datafield tag="245" ind1="1" ind2="0">
    <subfield code="a">Clinician&apos;s pocket reference</subfield>
    <subfield code="h">[electronic resource] /</subfield>
    <subfield code="c">by Leonard G. Gomella, Steven A. Haist.</subfield>
  </datafield>
  <datafield tag="500" ind1=" " ind2=" ">
    <subfield code="a">Digitized and made available by McGraw Hill.</subfield>
    <subfield code="5">FMFIU</subfield>
    <subfield code="5">FU</subfield>
    <subfield code="5">FTS</subfield>
  </datafield>
  <datafield tag="500" ind1=" " ind2=" ">
    <subfield code="a">Description based on title information screens (viewed Mar. 9, 2007).</subfield>
    <subfield code="5">FMFIU</subfield>
    <subfield code="5">FU</subfield>
    <subfield code="5">FTS</subfield>
  </datafield>
  <datafield tag="500" ind1=" " ind2=" ">
    <subfield code="a">The University of Kentucky&apos;s medical school&apos;s manual is also known as the Scut monkey book.</subfield>
    <subfield code="5">FMFIU</subfield>
    <subfield code="5">FU</subfield>
    <subfield code="5">FTaSU</subfield>
    <subfield code="5">FTS</subfield>
  </datafield>
  <datafield tag="500" ind1=" " ind2=" ">
    <subfield code="a">Previously published as &quot;So you want to be a scut monkey: medical student&apos;s and house officer&apos;s clinical handbook&quot;.</subfield>
    <subfield code="5">FMFIU</subfield>
    <subfield code="5">FU</subfield>
    <subfield code="5">FTaSU</subfield>
    <subfield code="5">FTS</subfield>
  </datafield>
  <datafield tag="500" ind1=" " ind2=" ">
    <subfield code="a">Description based on title information screens (viewed May 25, 2007).</subfield>
    <subfield code="5">FTaSU</subfield>
  </datafield>
</record>