

<record xmlns="http://www.loc.gov/MARC21/slim"
xmlns:xsi="http://www.w3.org/2001/XMLSchema-instance"
xsi:schemaLocation="http://www.loc.gov/MARC21/slim
http://www.loc.gov/standards/marcxml/schema/MARC21slim.xsd">
  <leader>03509cam  2200601Ia 4500</leader>
  <controlfield tag="001">032526338</controlfield>
  <datafield tag="245" ind1="1" ind2="0">
    <subfield code="a">Electromyography in clinical practice</subfield>
    <subfield code="h">[electronic resource] :</subfield>
    <subfield code="b">a case study approach /</subfield>
    <subfield code="c">Bashar Katirji.</subfield>
  </datafield>
</record>