

<record xmlns="http://www.loc.gov/MARC21/slim"
xmlns:xsi="http://www.w3.org/2001/XMLSchema-instance"
xsi:schemaLocation="http://www.loc.gov/MARC21/slim
http://www.loc.gov/standards/marcxml/schema/MARC21slim.xsd">
  <leader>     nam a2200661Ii 4500</leader>
  <controlfield tag="001">034610828</controlfield>
  <datafield tag="245" ind1="1" ind2="0">
    <subfield code="a">Pocket atlas of sectional anatomy.</subfield>
    <subfield code="n">Vol. 3,</subfield>
    <subfield code="p">Spine, extremities, joints :</subfield>
    <subfield code="b">computed tomography and magnetic resonance imaging /</subfield>
    <subfield code="c">by Torsten B. Moeller and Emil Reif ; translated by Barbara Herzberger ; illustrator, Barbara Gay.</subfield>
  </datafield>
  <datafield tag="500" ind1=" " ind2=" ">
    <subfield code="a">Made available through: Thieme ElectronicBook Library.</subfield>
  </datafield>
  <datafield tag="500" ind1=" " ind2=" ">
    <subfield code="a">Specialty: Radiology.</subfield>
  </datafield>
</record>