

<record xmlns="http://www.loc.gov/MARC21/slim"
xmlns:xsi="http://www.w3.org/2001/XMLSchema-instance"
xsi:schemaLocation="http://www.loc.gov/MARC21/slim
http://www.loc.gov/standards/marcxml/schema/MARC21slim.xsd">
  <leader>     cam  22006494a 4500</leader>
  <controlfield tag="001">020327451</controlfield>
  <datafield tag="245" ind1="1" ind2="0">
    <subfield code="a">Essential clinical anatomy /</subfield>
    <subfield code="c">Keith L. Moore, Anne M.R. Agur ; in collaboration with and with content provided by Arthur F. Dalley II ; with the expertise of Valerie Oxorn, medical illustrator and Marion E. Moore.</subfield>
  </datafield>
</record>