

<record xmlns="http://www.loc.gov/MARC21/slim"
xmlns:xsi="http://www.w3.org/2001/XMLSchema-instance"
xsi:schemaLocation="http://www.loc.gov/MARC21/slim
http://www.loc.gov/standards/marcxml/schema/MARC21slim.xsd">
  <leader>01668cam  22004454a 4500</leader>
  <controlfield tag="001">023344481</controlfield>
  <datafield tag="245" ind1="1" ind2="4">
    <subfield code="a">The human brain in photographs and diagrams /</subfield>
    <subfield code="c">John Nolte, Jay B. Angevine, Jr.</subfield>
  </datafield>
  <datafield tag="500" ind1=" " ind2=" ">
    <subfield code="a">Includes index.</subfield>
    <subfield code="5">FU</subfield>
    <subfield code="5">FTaSU</subfield>
    <subfield code="5">FOFT</subfield>
    <subfield code="5">FBoU</subfield>
  </datafield>
</record>