

<record xmlns="http://www.loc.gov/MARC21/slim"
xmlns:xsi="http://www.w3.org/2001/XMLSchema-instance"
xsi:schemaLocation="http://www.loc.gov/MARC21/slim
http://www.loc.gov/standards/marcxml/schema/MARC21slim.xsd">
  <leader>02251cas a2200553 a 4500</leader>
  <controlfield tag="001">024519992</controlfield>
  <datafield tag="245" ind1="1" ind2="0">
    <subfield code="a">Obesity research &amp; clinical practice</subfield>
    <subfield code="h">[electronic resource].</subfield>
  </datafield>
  <datafield tag="500" ind1=" " ind2=" ">
    <subfield code="a">Description based on journal homepage (viewed Sep. 13, 2011).</subfield>
    <subfield code="5">FTaSU</subfield>
  </datafield>
  <datafield tag="500" ind1=" " ind2=" ">
    <subfield code="a">Description based on journal homepage (viewed Mar. 22, 2007).</subfield>
    <subfield code="5">FBoU</subfield>
  </datafield>
</record>