

<record xmlns="http://www.loc.gov/MARC21/slim"
xmlns:xsi="http://www.w3.org/2001/XMLSchema-instance"
xsi:schemaLocation="http://www.loc.gov/MARC21/slim
http://www.loc.gov/standards/marcxml/schema/MARC21slim.xsd">
  <leader>     cam  2200565Ka 4500</leader>
  <controlfield tag="001">032536209</controlfield>
  <datafield tag="245" ind1="1" ind2="0">
    <subfield code="a">Atlas of intraoperative transesophageal echocardiography</subfield>
    <subfield code="h">[electronic resource] :</subfield>
    <subfield code="b">surgical and radiologic correlations /</subfield>
    <subfield code="c">Donald C. Oxorn, Catherine M. Otto.</subfield>
  </datafield>
  <datafield tag="500" ind1=" " ind2=" ">
    <subfield code="a">DVDs contain TEE clips and intraoperative footage.</subfield>
  </datafield>
</record>