

<record xmlns="http://www.loc.gov/MARC21/slim"
xmlns:xsi="http://www.w3.org/2001/XMLSchema-instance"
xsi:schemaLocation="http://www.loc.gov/MARC21/slim
http://www.loc.gov/standards/marcxml/schema/MARC21slim.xsd">
  <leader>     nam  22003134i 4500</leader>
  <controlfield tag="001">021209606</controlfield>
  <datafield tag="245" ind1="1" ind2="4">
    <subfield code="a">The rat brain in stereotaxic coordinates /</subfield>
    <subfield code="c">George Paxinos, Charles Watson.</subfield>
  </datafield>
  <datafield tag="500" ind1=" " ind2=" ">
    <subfield code="a">Cover design by Yvette Paxinos.</subfield>
    <subfield code="5">FTaSU</subfield>
  </datafield>
</record>