

<record xmlns="http://www.loc.gov/MARC21/slim"
xmlns:xsi="http://www.w3.org/2001/XMLSchema-instance"
xsi:schemaLocation="http://www.loc.gov/MARC21/slim
http://www.loc.gov/standards/marcxml/schema/MARC21slim.xsd">
  <leader>03090nam  22005651  4500</leader>
  <controlfield tag="001">020260406</controlfield>
  <datafield tag="245" ind1="1" ind2="0">
    <subfield code="a">Thieme clinical companions.</subfield>
    <subfield code="p">Ultrasound</subfield>
    <subfield code="h">[electronic resource] /</subfield>
    <subfield code="c">by Günter Schmidt ; with contributions by B. Beuscher-Willems ... et al.</subfield>
  </datafield>
  <datafield tag="500" ind1=" " ind2=" ">
    <subfield code="a">&quot;Authorized and revised translation of the 3rd German edition published and copyrighted 2005&quot;--T.p. verso.</subfield>
    <subfield code="5">FU</subfield>
    <subfield code="5">FTaSU</subfield>
  </datafield>
  <datafield tag="500" ind1=" " ind2=" ">
    <subfield code="a">Description based on title screen (viewed Apr. 23, 2007).</subfield>
    <subfield code="5">FU</subfield>
  </datafield>
  <datafield tag="500" ind1=" " ind2=" ">
    <subfield code="a">Digitized and made available by Thieme.</subfield>
    <subfield code="5">FU</subfield>
  </datafield>
  <datafield tag="500" ind1=" " ind2=" ">
    <subfield code="a">An authorized and revised translation of the 3rd German edition.</subfield>
    <subfield code="5">FMFIU</subfield>
    <subfield code="5">FBoU</subfield>
  </datafield>
  <datafield tag="500" ind1=" " ind2=" ">
    <subfield code="a">Includes index.</subfield>
    <subfield code="5">FMFIU</subfield>
    <subfield code="5">FU</subfield>
    <subfield code="5">FBoU</subfield>
  </datafield>
  <datafield tag="500" ind1=" " ind2=" ">
    <subfield code="a">Made available through: Thieme ElectronicBook Library.</subfield>
    <subfield code="5">FMFIU</subfield>
    <subfield code="5">FBoU</subfield>
  </datafield>
  <datafield tag="500" ind1=" " ind2=" ">
    <subfield code="a">Title from Thieme&apos;s title page (viewed Oct.19, 2007).</subfield>
    <subfield code="5">FTaSU</subfield>
  </datafield>
  <datafield tag="500" ind1=" " ind2=" ">
    <subfield code="a">Specialty: Radiology.</subfield>
    <subfield code="5">FBoU</subfield>
  </datafield>
</record>