

<record xmlns="http://www.loc.gov/MARC21/slim"
xmlns:xsi="http://www.w3.org/2001/XMLSchema-instance"
xsi:schemaLocation="http://www.loc.gov/MARC21/slim
http://www.loc.gov/standards/marcxml/schema/MARC21slim.xsd">
  <leader>     nam a2200565Ii 4500</leader>
  <controlfield tag="001">034622561</controlfield>
  <datafield tag="245" ind1="1" ind2="0">
    <subfield code="a">Neuroscience :</subfield>
    <subfield code="b">pretest self-assessment and review /</subfield>
    <subfield code="c">Allan Siegel.</subfield>
  </datafield>
  <datafield tag="500" ind1=" " ind2=" ">
    <subfield code="a">Title from PDF title page (viewed Oct. 17, 2007).</subfield>
  </datafield>
</record>