

<record xmlns="http://www.loc.gov/MARC21/slim"
xmlns:xsi="http://www.w3.org/2001/XMLSchema-instance"
xsi:schemaLocation="http://www.loc.gov/MARC21/slim
http://www.loc.gov/standards/marcxml/schema/MARC21slim.xsd">
  <leader>02150cam  22005414a 4500</leader>
  <controlfield tag="001">020260453</controlfield>
  <datafield tag="245" ind1="1" ind2="0">
    <subfield code="a">Differential diagnosis in internal medicine</subfield>
    <subfield code="h">[electronic resource] :</subfield>
    <subfield code="b">from symptom to diagnosis /</subfield>
    <subfield code="c">[edited by] Walter Siegenthaler ; with contributions by A. Aeschlimann ... [et al.] ; specialist consultants, A. Aeschlimann ... [et al.].</subfield>
  </datafield>
  <datafield tag="500" ind1=" " ind2=" ">
    <subfield code="a">Specialty: General medicine.</subfield>
    <subfield code="5">FBoU</subfield>
  </datafield>
  <datafield tag="500" ind1=" " ind2=" ">
    <subfield code="a">Title from title page (viewed May 19, 2010).</subfield>
    <subfield code="5">FTaSU</subfield>
  </datafield>
  <datafield tag="500" ind1=" " ind2=" ">
    <subfield code="a">Made available through: Thieme ElectronicBook Library.</subfield>
    <subfield code="5">FMFIU</subfield>
    <subfield code="5">FBoU</subfield>
  </datafield>
</record>