

<record xmlns="http://www.loc.gov/MARC21/slim"
xmlns:xsi="http://www.w3.org/2001/XMLSchema-instance"
xsi:schemaLocation="http://www.loc.gov/MARC21/slim
http://www.loc.gov/standards/marcxml/schema/MARC21slim.xsd">
  <leader>     nam a22      a 4500</leader>
  <controlfield tag="001">028995334</controlfield>
  <datafield tag="245" ind1="1" ind2="0">
    <subfield code="a">Patient medical records :</subfield>
    <subfield code="b">male patient /</subfield>
    <subfield code="c">Prepared for Doctoring 102, Fall 2007 by Florida State University College of Medicine</subfield>
  </datafield>
  <datafield tag="500" ind1=" " ind2=" ">
    <subfield code="a">Prepared for Doctoring 102, Fall 2007.</subfield>
    <subfield code="5">FTaSU</subfield>
  </datafield>
</record>