

<record xmlns="http://www.loc.gov/MARC21/slim"
xmlns:xsi="http://www.w3.org/2001/XMLSchema-instance"
xsi:schemaLocation="http://www.loc.gov/MARC21/slim
http://www.loc.gov/standards/marcxml/schema/MARC21slim.xsd">
  <leader>     nam  22003254a 4500</leader>
  <controlfield tag="001">022776615</controlfield>
  <datafield tag="245" ind1="1" ind2="0">
    <subfield code="a">Interpretation of diagnostic tests</subfield>
    <subfield code="h">[electronic resource] /</subfield>
    <subfield code="c">Jacques Wallach.</subfield>
  </datafield>
  <datafield tag="500" ind1=" " ind2=" ">
    <subfield code="a">Previous ed.: 2000.</subfield>
    <subfield code="5">FTaSU</subfield>
  </datafield>
  <datafield tag="500" ind1=" " ind2=" ">
    <subfield code="a">Title from Ovid&apos;s title page (viewed July 2003).</subfield>
    <subfield code="5">FTaSU</subfield>
  </datafield>
</record>