

<record xmlns="http://www.loc.gov/MARC21/slim"
xmlns:xsi="http://www.w3.org/2001/XMLSchema-instance"
xsi:schemaLocation="http://www.loc.gov/MARC21/slim
http://www.loc.gov/standards/marcxml/schema/MARC21slim.xsd">
  <leader>     cam  22004214a 4500</leader>
  <controlfield tag="001">025042906</controlfield>
  <datafield tag="245" ind1="1" ind2="0">
    <subfield code="a">Sorry works! :</subfield>
    <subfield code="b">disclosure, apology, and relationships prevent medical malpractice claims /</subfield>
    <subfield code="c">Doug Wojcieszak, James W. Saxton, Maggie M. Finkelstein.</subfield>
  </datafield>
</record>