

<record xmlns="http://www.loc.gov/MARC21/slim"
xmlns:xsi="http://www.w3.org/2001/XMLSchema-instance"
xsi:schemaLocation="http://www.loc.gov/MARC21/slim
http://www.loc.gov/standards/marcxml/schema/MARC21slim.xsd">
  <leader>     nam a2200445Ii 4500</leader>
  <controlfield tag="001">034622538</controlfield>
  <datafield tag="245" ind1="0" ind2="0">
    <subfield code="a">PreTest anatomy, histology, and cell biology :</subfield>
    <subfield code="b">PreTest self-assessment and review /</subfield>
    <subfield code="c">[edited by] Robert M. Klein George C. Enders.</subfield>
  </datafield>
  <datafield tag="500" ind1=" " ind2=" ">
    <subfield code="a">&quot; ... main emphasis of this PreTest is preparation for Step 1 ... also extremely valuable for students preparing for USMLE Step 2 ...&quot;--Electronic access introduction p.xiii.</subfield>
  </datafield>
  <datafield tag="500" ind1=" " ind2=" ">
    <subfield code="a">This title is also available on the World Wide Web. Editions may vary. Access is restricted to computers located within Mount Sinai or to those users eligible for remote access services.</subfield>
  </datafield>
</record>