

<record xmlns="http://www.loc.gov/MARC21/slim"
xmlns:xsi="http://www.w3.org/2001/XMLSchema-instance"
xsi:schemaLocation="http://www.loc.gov/MARC21/slim
http://www.loc.gov/standards/marcxml/schema/MARC21slim.xsd">
  <leader>     nam a2200421Ii 4500</leader>
  <controlfield tag="001">034622533</controlfield>
  <datafield tag="245" ind1="0" ind2="0">
    <subfield code="a">Pathology :</subfield>
    <subfield code="b">PreTest self-assessment and review /</subfield>
    <subfield code="c">[edited by] Earl J. Brown.</subfield>
  </datafield>
</record>