

<record xmlns="http://www.loc.gov/MARC21/slim"
xmlns:xsi="http://www.w3.org/2001/XMLSchema-instance"
xsi:schemaLocation="http://www.loc.gov/MARC21/slim
http://www.loc.gov/standards/marcxml/schema/MARC21slim.xsd">
  <leader>     nam  2200409Ii 4500</leader>
  <controlfield tag="001">033937648</controlfield>
  <datafield tag="245" ind1="0" ind2="0">
    <subfield code="a">Essentials of surgical specialties /</subfield>
    <subfield code="c">senior editor, Peter F. Lawrence ; editors, Richard M. Bell, Merril T. Dayton ; textbook content editor, Mohammed I. Ahmed ; question bank editor, James C. Hebert.</subfield>
  </datafield>
</record>