

<record xmlns="http://www.loc.gov/MARC21/slim"
xmlns:xsi="http://www.w3.org/2001/XMLSchema-instance"
xsi:schemaLocation="http://www.loc.gov/MARC21/slim
http://www.loc.gov/standards/marcxml/schema/MARC21slim.xsd">
  <leader>     cam  22004094a 4500</leader>
  <controlfield tag="001">032561517</controlfield>
  <datafield tag="245" ind1="0" ind2="0">
    <subfield code="a">Practical guide to the care of the geriatric patient</subfield>
    <subfield code="h">[electronic resource] /</subfield>
    <subfield code="c">[edited by] Tom J. Wachtel, Marsha D. Fretwell.</subfield>
  </datafield>
  <datafield tag="500" ind1=" " ind2=" ">
    <subfield code="a">Rev. ed. of: Practical guide to the care of the geriatric patient / Fred F. Ferri, Marsha D. Fretwell, Tom J. Wachtel. 2nd ed. c1997.</subfield>
  </datafield>
</record>