

<record xmlns="http://www.loc.gov/MARC21/slim"
xmlns:xsi="http://www.w3.org/2001/XMLSchema-instance"
xsi:schemaLocation="http://www.loc.gov/MARC21/slim
http://www.loc.gov/standards/marcxml/schema/MARC21slim.xsd">
  <leader>     cam  2200433Ka 4500</leader>
  <controlfield tag="001">032536085</controlfield>
  <datafield tag="245" ind1="0" ind2="0">
    <subfield code="a">Adult reconstruction &amp; arthroplasty</subfield>
    <subfield code="h">[electronic resource] :</subfield>
    <subfield code="b">core knowledge in orthopaedics /</subfield>
    <subfield code="c">[edited by] Jonathan P. Garino, Pedro K. Beredjiklian.</subfield>
  </datafield>
</record>