

<record xmlns="http://www.loc.gov/MARC21/slim"
xmlns:xsi="http://www.w3.org/2001/XMLSchema-instance"
xsi:schemaLocation="http://www.loc.gov/MARC21/slim
http://www.loc.gov/standards/marcxml/schema/MARC21slim.xsd">
  <leader>07851cam  2200457Ka 4500</leader>
  <controlfield tag="001">032526808</controlfield>
  <datafield tag="245" ind1="0" ind2="0">
    <subfield code="a">Textbook of clinical neurology</subfield>
    <subfield code="h">[electronic resource] /</subfield>
    <subfield code="c">[edited by] Christopher G. Goetz.</subfield>
  </datafield>
</record>