

<record xmlns="http://www.loc.gov/MARC21/slim"
xmlns:xsi="http://www.w3.org/2001/XMLSchema-instance"
xsi:schemaLocation="http://www.loc.gov/MARC21/slim
http://www.loc.gov/standards/marcxml/schema/MARC21slim.xsd">
  <leader>05553cam  2200505Ia 4500</leader>
  <controlfield tag="001">032526468</controlfield>
  <datafield tag="245" ind1="0" ind2="0">
    <subfield code="a">Putterman&apos;s cosmetic oculoplastic surgery</subfield>
    <subfield code="h">[electronic resource].</subfield>
  </datafield>
  <datafield tag="500" ind1=" " ind2=" ">
    <subfield code="a">Previous ed.: published as Cosmetic oculoplastic surgery. 1998.</subfield>
  </datafield>
</record>