

<record xmlns="http://www.loc.gov/MARC21/slim"
xmlns:xsi="http://www.w3.org/2001/XMLSchema-instance"
xsi:schemaLocation="http://www.loc.gov/MARC21/slim
http://www.loc.gov/standards/marcxml/schema/MARC21slim.xsd">
  <leader>07859cam  2200637Ia 4500</leader>
  <controlfield tag="001">032526437</controlfield>
  <datafield tag="245" ind1="0" ind2="0">
    <subfield code="a">Comprehensive hospital medicine</subfield>
    <subfield code="h">[electronic resource] :</subfield>
    <subfield code="b">an evidence based approach /</subfield>
    <subfield code="c">[edited by] Mark V. Williams ... [et al.].</subfield>
  </datafield>
  <datafield tag="500" ind1=" " ind2=" ">
    <subfield code="a">&quot;An expert consult title&quot;--Cover.</subfield>
  </datafield>
</record>