

<record xmlns="http://www.loc.gov/MARC21/slim"
xmlns:xsi="http://www.w3.org/2001/XMLSchema-instance"
xsi:schemaLocation="http://www.loc.gov/MARC21/slim
http://www.loc.gov/standards/marcxml/schema/MARC21slim.xsd">
  <leader>05601cam  2200457Ia 4500</leader>
  <controlfield tag="001">032526435</controlfield>
  <datafield tag="245" ind1="0" ind2="0">
    <subfield code="a">Techniques in wrist and hand arthroscopy</subfield>
    <subfield code="h">[electronic resource] /</subfield>
    <subfield code="c">edited by David J. Slutsky and Daniel J. Nagle.</subfield>
  </datafield>
  <datafield tag="500" ind1=" " ind2=" ">
    <subfield code="a">Includes DVD.</subfield>
  </datafield>
</record>