

<record xmlns="http://www.loc.gov/MARC21/slim"
xmlns:xsi="http://www.w3.org/2001/XMLSchema-instance"
xsi:schemaLocation="http://www.loc.gov/MARC21/slim
http://www.loc.gov/standards/marcxml/schema/MARC21slim.xsd">
  <leader>10328cam  2200613Ia 4500</leader>
  <controlfield tag="001">032526373</controlfield>
  <datafield tag="245" ind1="0" ind2="0">
    <subfield code="a">Comprehensive pediatric hospital medicine</subfield>
    <subfield code="h">[electronic resource] /</subfield>
    <subfield code="c">edited by Lisa B. Zaoutis, Vincent W. Chiang ; associate editors, Allison Ballantine, Christopher P. Landrigan, Laura J. Mirkinson.</subfield>
  </datafield>
</record>