

<record xmlns="http://www.loc.gov/MARC21/slim"
xmlns:xsi="http://www.w3.org/2001/XMLSchema-instance"
xsi:schemaLocation="http://www.loc.gov/MARC21/slim
http://www.loc.gov/standards/marcxml/schema/MARC21slim.xsd">
  <leader>02770cam  2200505Ia 4500</leader>
  <controlfield tag="001">032526346</controlfield>
  <datafield tag="245" ind1="0" ind2="0">
    <subfield code="a">Medicine and surgery</subfield>
    <subfield code="h">[electronic resource] :</subfield>
    <subfield code="b">an integrated textbook /</subfield>
    <subfield code="c">edited by Eric Kian Saik Lim, Yoon Kong Loke, Alastair Thompson.</subfield>
  </datafield>
  <datafield tag="500" ind1=" " ind2=" ">
    <subfield code="a">Formerly CIP.</subfield>
    <subfield code="5">Uk</subfield>
  </datafield>
</record>