

<record xmlns="http://www.loc.gov/MARC21/slim"
xmlns:xsi="http://www.w3.org/2001/XMLSchema-instance"
xsi:schemaLocation="http://www.loc.gov/MARC21/slim
http://www.loc.gov/standards/marcxml/schema/MARC21slim.xsd">
  <leader>04911cam  2200697Ia 4500</leader>
  <controlfield tag="001">032526336</controlfield>
  <datafield tag="245" ind1="0" ind2="0">
    <subfield code="a">Clinical men&apos;s health</subfield>
    <subfield code="h">[electronic resource] :</subfield>
    <subfield code="b">evidence in practice /</subfield>
    <subfield code="c">[edited by Joel J. Heidelbaugh, Eric R.M. Jauniaux (international editor), Mark B. Landon].</subfield>
  </datafield>
</record>