

<record xmlns="http://www.loc.gov/MARC21/slim"
xmlns:xsi="http://www.w3.org/2001/XMLSchema-instance"
xsi:schemaLocation="http://www.loc.gov/MARC21/slim
http://www.loc.gov/standards/marcxml/schema/MARC21slim.xsd">
  <leader>     ngm a22      a 4500</leader>
  <controlfield tag="001">029763754</controlfield>
  <datafield tag="245" ind1="0" ind2="0">
    <subfield code="a">I&apos;m a child anorexic</subfield>
    <subfield code="h">[electronic resource].</subfield>
  </datafield>
  <datafield tag="500" ind1=" " ind2=" ">
    <subfield code="a">Films on demand.</subfield>
    <subfield code="5">FTaSU</subfield>
  </datafield>
  <datafield tag="500" ind1=" " ind2=" ">
    <subfield code="a">Streaming video (57 minn.)</subfield>
    <subfield code="5">FTaSU</subfield>
  </datafield>
</record>