

<record xmlns="http://www.loc.gov/MARC21/slim"
xmlns:xsi="http://www.w3.org/2001/XMLSchema-instance"
xsi:schemaLocation="http://www.loc.gov/MARC21/slim
http://www.loc.gov/standards/marcxml/schema/MARC21slim.xsd">
  <leader>     cgm  2200397Ma 4500</leader>
  <controlfield tag="001">029763318</controlfield>
  <datafield tag="245" ind1="0" ind2="0">
    <subfield code="a">Hypochondriacs</subfield>
    <subfield code="h">[videorecording] :</subfield>
    <subfield code="b">I told you I was sick /</subfield>
    <subfield code="c">produced and directed by Jane Beckwith ; Century North for Channel 4.</subfield>
  </datafield>
</record>