

<record xmlns="http://www.loc.gov/MARC21/slim"
xmlns:xsi="http://www.w3.org/2001/XMLSchema-instance"
xsi:schemaLocation="http://www.loc.gov/MARC21/slim
http://www.loc.gov/standards/marcxml/schema/MARC21slim.xsd">
  <leader>     nam  2200373Ia 4500</leader>
  <controlfield tag="001">029210266</controlfield>
  <datafield tag="245" ind1="0" ind2="0">
    <subfield code="a">Neurobehavioral genetics</subfield>
    <subfield code="h">[electronic resource] :</subfield>
    <subfield code="b">methods and applications /</subfield>
    <subfield code="c">edited by Byron C. Jones, Pierre Mormède.</subfield>
  </datafield>
</record>