

<record xmlns="http://www.loc.gov/MARC21/slim"
xmlns:xsi="http://www.w3.org/2001/XMLSchema-instance"
xsi:schemaLocation="http://www.loc.gov/MARC21/slim
http://www.loc.gov/standards/marcxml/schema/MARC21slim.xsd">
  <leader>     nam  22004214a 4500</leader>
  <controlfield tag="001">029060408</controlfield>
  <datafield tag="245" ind1="0" ind2="0">
    <subfield code="a">Current diagnosis &amp; treatment of sexually transmitted diseases</subfield>
    <subfield code="h">[electronic resource] /</subfield>
    <subfield code="c">edited by Jeffrey D. Klausner, Edward W. Hook III.</subfield>
  </datafield>
</record>