

<record xmlns="http://www.loc.gov/MARC21/slim"
xmlns:xsi="http://www.w3.org/2001/XMLSchema-instance"
xsi:schemaLocation="http://www.loc.gov/MARC21/slim
http://www.loc.gov/standards/marcxml/schema/MARC21slim.xsd">
  <leader>     cas  2200505 a 4500</leader>
  <controlfield tag="001">029039715</controlfield>
  <datafield tag="245" ind1="0" ind2="0">
    <subfield code="a">Disaster medicine and public health preparedness</subfield>
    <subfield code="h">[electronic resource].</subfield>
  </datafield>
  <datafield tag="500" ind1=" " ind2=" ">
    <subfield code="a">Title from Ovid&apos;s site (viewed Oct. 8, 2007).</subfield>
    <subfield code="5">FTaSU</subfield>
  </datafield>
</record>