

<record xmlns="http://www.loc.gov/MARC21/slim"
xmlns:xsi="http://www.w3.org/2001/XMLSchema-instance"
xsi:schemaLocation="http://www.loc.gov/MARC21/slim
http://www.loc.gov/standards/marcxml/schema/MARC21slim.xsd">
  <leader>     nam  2200253Mi 4500</leader>
  <controlfield tag="001">029005899</controlfield>
  <datafield tag="245" ind1="0" ind2="0">
    <subfield code="a">From neuron to brain /</subfield>
    <subfield code="c">John G. Nicholls ...</subfield>
  </datafield>
  <datafield tag="500" ind1=" " ind2=" ">
    <subfield code="a">Accompany: &quot;From neuron to brain&quot;, 4th ed. 2001.</subfield>
  </datafield>
</record>