

<record xmlns="http://www.loc.gov/MARC21/slim"
xmlns:xsi="http://www.w3.org/2001/XMLSchema-instance"
xsi:schemaLocation="http://www.loc.gov/MARC21/slim
http://www.loc.gov/standards/marcxml/schema/MARC21slim.xsd">
  <leader>     nam  22003974a 4500</leader>
  <controlfield tag="001">028963125</controlfield>
  <datafield tag="245" ind1="0" ind2="0">
    <subfield code="a">Treatment planning in dentistry</subfield>
    <subfield code="h">[electronic resource] /</subfield>
    <subfield code="c">[edited by] Stephen J. Stefanac, Samuel Paul Nesbit.</subfield>
  </datafield>
  <datafield tag="500" ind1=" " ind2=" ">
    <subfield code="a">Sub. cancelled 4/15/2009.</subfield>
    <subfield code="5">FTaSU</subfield>
  </datafield>
  <datafield tag="500" ind1=" " ind2=" ">
    <subfield code="a">Title from the screen (viewed Aug. 1, 2007).</subfield>
    <subfield code="5">FTaSU</subfield>
  </datafield>
</record>