

<record xmlns="http://www.loc.gov/MARC21/slim"
xmlns:xsi="http://www.w3.org/2001/XMLSchema-instance"
xsi:schemaLocation="http://www.loc.gov/MARC21/slim
http://www.loc.gov/standards/marcxml/schema/MARC21slim.xsd">
  <leader>01237nam  22003254a 4500</leader>
  <controlfield tag="001">028710576</controlfield>
  <datafield tag="245" ind1="0" ind2="4">
    <subfield code="a">The medical malpractice survival handbook</subfield>
    <subfield code="h">[electronic resource] /</subfield>
    <subfield code="c">American College of Legal Medicine.</subfield>
  </datafield>
</record>