

<record xmlns="http://www.loc.gov/MARC21/slim"
xmlns:xsi="http://www.w3.org/2001/XMLSchema-instance"
xsi:schemaLocation="http://www.loc.gov/MARC21/slim
http://www.loc.gov/standards/marcxml/schema/MARC21slim.xsd">
  <leader>     nam  22004334a 4500</leader>
  <controlfield tag="001">025275817</controlfield>
  <datafield tag="245" ind1="0" ind2="0">
    <subfield code="a">Atlas of pediatric physical diagnosis</subfield>
    <subfield code="h">[electronic resource] /</subfield>
    <subfield code="c">[edited by] Basil J. Zitelli, Holly W. Davis.</subfield>
  </datafield>
  <datafield tag="500" ind1=" " ind2=" ">
    <subfield code="a">Title from homepage (viewed April 9, 2010).</subfield>
  </datafield>
</record>