

<record xmlns="http://www.loc.gov/MARC21/slim"
xmlns:xsi="http://www.w3.org/2001/XMLSchema-instance"
xsi:schemaLocation="http://www.loc.gov/MARC21/slim
http://www.loc.gov/standards/marcxml/schema/MARC21slim.xsd">
  <leader>     cam  22006254i 4500</leader>
  <controlfield tag="001">023223591</controlfield>
  <datafield tag="245" ind1="0" ind2="0">
    <subfield code="a">Gabbard&apos;s treatments of psychiatric disorders /</subfield>
    <subfield code="c">Glen O. Gabbard, MD, editor-in-chief.</subfield>
  </datafield>
  <datafield tag="500" ind1=" " ind2=" ">
    <subfield code="a">Rev. ed. of: Treatments of psychiatric disorders. 3rd ed. c2001.</subfield>
    <subfield code="5">FMFIU</subfield>
    <subfield code="5">FTaSU</subfield>
  </datafield>
  <datafield tag="500" ind1=" " ind2=" ">
    <subfield code="a">Rev. ed. of: Treatments of psychiatric disorders. 3rd ed. c2001.</subfield>
  </datafield>
</record>