

<record xmlns="http://www.loc.gov/MARC21/slim"
xmlns:xsi="http://www.w3.org/2001/XMLSchema-instance"
xsi:schemaLocation="http://www.loc.gov/MARC21/slim
http://www.loc.gov/standards/marcxml/schema/MARC21slim.xsd">
  <leader>     nam  22004214a 4500</leader>
  <controlfield tag="001">022719480</controlfield>
  <datafield tag="245" ind1="0" ind2="0">
    <subfield code="a">Textbook of family medicine</subfield>
    <subfield code="h">[electronic resource] /</subfield>
    <subfield code="c">[edited by] Robert E. Rakel.</subfield>
  </datafield>
  <datafield tag="500" ind1=" " ind2=" ">
    <subfield code="a">Title from Web page (viewed on July 23, 2007).</subfield>
  </datafield>
</record>