

<record xmlns="http://www.loc.gov/MARC21/slim"
xmlns:xsi="http://www.w3.org/2001/XMLSchema-instance"
xsi:schemaLocation="http://www.loc.gov/MARC21/slim
http://www.loc.gov/standards/marcxml/schema/MARC21slim.xsd">
  <leader>01222nam  22002894a 4500</leader>
  <controlfield tag="001">022048188</controlfield>
  <datafield tag="245" ind1="0" ind2="0">
    <subfield code="a">Physiology</subfield>
    <subfield code="h">[electronic resource] :</subfield>
    <subfield code="b">PreTest self-assessment and review /</subfield>
    <subfield code="c">[edited by] Patricia J. Metting.</subfield>
  </datafield>
</record>