

<record xmlns="http://www.loc.gov/MARC21/slim"
xmlns:xsi="http://www.w3.org/2001/XMLSchema-instance"
xsi:schemaLocation="http://www.loc.gov/MARC21/slim
http://www.loc.gov/standards/marcxml/schema/MARC21slim.xsd">
  <leader>     cam  22004214a 4500</leader>
  <controlfield tag="001">020938651</controlfield>
  <datafield tag="245" ind1="0" ind2="4">
    <subfield code="a">The Washington manual of medical therapeutics</subfield>
    <subfield code="h">[electronic resource].</subfield>
  </datafield>
  <datafield tag="500" ind1=" " ind2=" ">
    <subfield code="a">Title from title page (viewed July 9th, 2007).</subfield>
  </datafield>
  <datafield tag="500" ind1=" " ind2=" ">
    <subfield code="a">Electronic book in HTML format available via Internet through Lippincott&apos;s Clinical Choice (Books@Ovid).</subfield>
  </datafield>
</record>