

<record xmlns="http://www.loc.gov/MARC21/slim"
xmlns:xsi="http://www.w3.org/2001/XMLSchema-instance"
xsi:schemaLocation="http://www.loc.gov/MARC21/slim
http://www.loc.gov/standards/marcxml/schema/MARC21slim.xsd">
  <leader>02183cam  22004694a 4500</leader>
  <controlfield tag="001">020645819</controlfield>
  <datafield tag="245" ind1="0" ind2="0">
    <subfield code="a">AMA manual of style :</subfield>
    <subfield code="b">a guide for authors and editors.</subfield>
  </datafield>
  <datafield tag="500" ind1=" " ind2=" ">
    <subfield code="a">&quot;JAMA &amp; Archives Journals, American Medical Association.&quot;</subfield>
    <subfield code="5">FTaSU</subfield>
    <subfield code="5">FU</subfield>
    <subfield code="5">FPeU</subfield>
    <subfield code="5">FJUNF</subfield>
    <subfield code="5">FTS</subfield>
    <subfield code="5">FBoU</subfield>
    <subfield code="5">FTaFA</subfield>
    <subfield code="5">FFmFGC</subfield>
    <subfield code="5">FMFIU</subfield>
    <subfield code="5">FOFT</subfield>
  </datafield>
  <datafield tag="500" ind1=" " ind2=" ">
    <subfield code="a">Rev. ed. of: American Medical Association manual of style. 9th ed. c1998.</subfield>
    <subfield code="5">FTaSU</subfield>
    <subfield code="5">FU</subfield>
    <subfield code="5">FPeU</subfield>
    <subfield code="5">FJUNF</subfield>
    <subfield code="5">FTS</subfield>
    <subfield code="5">FBoU</subfield>
    <subfield code="5">FTaFA</subfield>
    <subfield code="5">FFmFGC</subfield>
    <subfield code="5">FOFT</subfield>
  </datafield>
</record>