

<record xmlns="http://www.loc.gov/MARC21/slim"
xmlns:xsi="http://www.w3.org/2001/XMLSchema-instance"
xsi:schemaLocation="http://www.loc.gov/MARC21/slim
http://www.loc.gov/standards/marcxml/schema/MARC21slim.xsd">
  <leader>     nam  2200493Ia 4500</leader>
  <controlfield tag="001">020491779</controlfield>
  <datafield tag="245" ind1="0" ind2="0">
    <subfield code="a">Haddad and Winchester&apos;s clinical management of poisoning and drug overdose</subfield>
    <subfield code="h">[electronic resource] /</subfield>
    <subfield code="c">[edited by] Michael W. Shannon, Stephen W. Borron, Michael J. Burns.</subfield>
  </datafield>
  <datafield tag="500" ind1=" " ind2=" ">
    <subfield code="a">Rev. ed. of: Clinical management of poisoning and drug overdose / [edited by] Lester M. Haddad, Michael W. Shannon, James F. Winchester. 3rd ed. c1998.</subfield>
    <subfield code="5">FMFIU</subfield>
    <subfield code="5">FTS</subfield>
  </datafield>
  <datafield tag="500" ind1=" " ind2=" ">
    <subfield code="a">Description based on print version record.</subfield>
    <subfield code="5">FTS</subfield>
  </datafield>
  <datafield tag="500" ind1=" " ind2=" ">
    <subfield code="a">Title from homepage (viewed March 22, 2010).</subfield>
  </datafield>
</record>