

<record xmlns="http://www.loc.gov/MARC21/slim"
xmlns:xsi="http://www.w3.org/2001/XMLSchema-instance"
xsi:schemaLocation="http://www.loc.gov/MARC21/slim
http://www.loc.gov/standards/marcxml/schema/MARC21slim.xsd">
  <leader>     cam  2200385Ia 4500</leader>
  <controlfield tag="001">031148293</controlfield>
  <datafield tag="245" ind1="1" ind2="0">
    <subfield code="a">Quick reference to the American Psychiatric Association practice guidelines for the treatment of psychiatric disorders.</subfield>
    <subfield code="p">Compendium 2006</subfield>
    <subfield code="h">[electronic resource].</subfield>
  </datafield>
</record>