

<record xmlns="http://www.loc.gov/MARC21/slim"
xmlns:xsi="http://www.w3.org/2001/XMLSchema-instance"
xsi:schemaLocation="http://www.loc.gov/MARC21/slim
http://www.loc.gov/standards/marcxml/schema/MARC21slim.xsd">
  <leader>     cam  22004814a 4500</leader>
  <controlfield tag="001">027294611</controlfield>
  <datafield tag="245" ind1="1" ind2="0">
    <subfield code="a">Neuroscience:</subfield>
    <subfield code="b">exploring the brain /</subfield>
    <subfield code="c">Mark F. Bear, Barry W. Connors, Michael A. Paradiso.</subfield>
  </datafield>
</record>