

<record xmlns="http://www.loc.gov/MARC21/slim"
xmlns:xsi="http://www.w3.org/2001/XMLSchema-instance"
xsi:schemaLocation="http://www.loc.gov/MARC21/slim
http://www.loc.gov/standards/marcxml/schema/MARC21slim.xsd">
  <leader>     cam  2200493Ia 4500</leader>
  <controlfield tag="001">030649114</controlfield>
  <datafield tag="245" ind1="1" ind2="0">
    <subfield code="a">Neurotransmitters and neuromodulators</subfield>
    <subfield code="h">[electronic resource] :</subfield>
    <subfield code="b">handbook of receptors and biological effects /</subfield>
    <subfield code="c">Oliver von Bohlen und Halbach and Rolf Dermietzel.</subfield>
  </datafield>
  <datafield tag="500" ind1=" " ind2=" ">
    <subfield code="a">Previous ed.: published as by Oliver von Bohlen und Halbach and Rolf Dermietzel. 2002.</subfield>
  </datafield>
</record>