

<record xmlns="http://www.loc.gov/MARC21/slim"
xmlns:xsi="http://www.w3.org/2001/XMLSchema-instance"
xsi:schemaLocation="http://www.loc.gov/MARC21/slim
http://www.loc.gov/standards/marcxml/schema/MARC21slim.xsd">
  <leader>03059cam  2200433Ia 4500</leader>
  <controlfield tag="001">021442897</controlfield>
  <datafield tag="245" ind1="1" ind2="0">
    <subfield code="a">Leading and managing occupational therapy services</subfield>
    <subfield code="h">[electronic resource] :</subfield>
    <subfield code="b">an evidence-based approach /</subfield>
    <subfield code="c">Brent Braveman.</subfield>
  </datafield>
</record>