

<record xmlns="http://www.loc.gov/MARC21/slim"
xmlns:xsi="http://www.w3.org/2001/XMLSchema-instance"
xsi:schemaLocation="http://www.loc.gov/MARC21/slim
http://www.loc.gov/standards/marcxml/schema/MARC21slim.xsd">
  <leader>     cgm  22003014a 4500</leader>
  <controlfield tag="001">029274646</controlfield>
  <datafield tag="245" ind1="1" ind2="0">
    <subfield code="a">Museum masterpieces</subfield>
    <subfield code="h">[videorecording] :</subfield>
    <subfield code="b">the Louvre / Richard Brettell.</subfield>
  </datafield>
</record>