

<record xmlns="http://www.loc.gov/MARC21/slim"
xmlns:xsi="http://www.w3.org/2001/XMLSchema-instance"
xsi:schemaLocation="http://www.loc.gov/MARC21/slim
http://www.loc.gov/standards/marcxml/schema/MARC21slim.xsd">
  <leader>03326nam  22003972u 4500</leader>
  <controlfield tag="001">022979764</controlfield>
  <datafield tag="245" ind1="1" ind2="0">
    <subfield code="a">Methods of Biochemical Analysis</subfield>
    <subfield code="h">[electronic resource] :</subfield>
    <subfield code="b">Green Fluorescent Protein: Properties, Applications and Protocols.</subfield>
  </datafield>
  <datafield tag="500" ind1=" " ind2=" ">
    <subfield code="a">Description based upon print version of record.</subfield>
  </datafield>
</record>