

<record xmlns="http://www.loc.gov/MARC21/slim"
xmlns:xsi="http://www.w3.org/2001/XMLSchema-instance"
xsi:schemaLocation="http://www.loc.gov/MARC21/slim
http://www.loc.gov/standards/marcxml/schema/MARC21slim.xsd">
  <leader>     cas  2200433 a 4500</leader>
  <controlfield tag="001">020425860</controlfield>
  <datafield tag="245" ind1="1" ind2="0">
    <subfield code="a">Clinical and vaccine immunology</subfield>
    <subfield code="h">[electronic resource].</subfield>
  </datafield>
  <datafield tag="500" ind1=" " ind2=" ">
    <subfield code="a">Title from PDF running title (HighWire, viewed Feb. 10, 2006).</subfield>
    <subfield code="5">FTaSU</subfield>
    <subfield code="5">FPeU</subfield>
    <subfield code="5">FTS</subfield>
    <subfield code="5">FBoU</subfield>
  </datafield>
  <datafield tag="500" ind1=" " ind2=" ">
    <subfield code="a">Latest issue consulted: Vol. 13, issue 3 (Mar. 2006) (American Society for Microbiology website, viewed Mar. 8, 2006).</subfield>
    <subfield code="5">FTaSU</subfield>
    <subfield code="5">FTS</subfield>
    <subfield code="5">FBoU</subfield>
  </datafield>
  <datafield tag="500" ind1=" " ind2=" ">
    <subfield code="a">Title from journal homepage screen (American Society for Microbiology, viewed on July 20, 2009).</subfield>
    <subfield code="5">FOFT</subfield>
  </datafield>
</record>