

<record xmlns="http://www.loc.gov/MARC21/slim"
xmlns:xsi="http://www.w3.org/2001/XMLSchema-instance"
xsi:schemaLocation="http://www.loc.gov/MARC21/slim
http://www.loc.gov/standards/marcxml/schema/MARC21slim.xsd">
  <leader>     ngm a22     4a 4500</leader>
  <controlfield tag="001">029265418</controlfield>
  <datafield tag="245" ind1="1" ind2="0">
    <subfield code="a">Sensation, perception, and the aging process</subfield>
    <subfield code="h">[videorecording] /</subfield>
    <subfield code="c">taught by Professor Francis B. Colavita.</subfield>
  </datafield>
  <datafield tag="500" ind1=" " ind2=" ">
    <subfield code="a">DVD</subfield>
    <subfield code="5">FTaSU</subfield>
  </datafield>
</record>