

<record xmlns="http://www.loc.gov/MARC21/slim"
xmlns:xsi="http://www.w3.org/2001/XMLSchema-instance"
xsi:schemaLocation="http://www.loc.gov/MARC21/slim
http://www.loc.gov/standards/marcxml/schema/MARC21slim.xsd">
  <leader>02656cam  2200481Ia 4500</leader>
  <controlfield tag="001">021442820</controlfield>
  <datafield tag="245" ind1="1" ind2="4">
    <subfield code="a">The medical interview</subfield>
    <subfield code="h">[electronic resource] :</subfield>
    <subfield code="b">mastering skills for clinical practice /</subfield>
    <subfield code="c">John L. Coulehan, Marian L. Block.</subfield>
  </datafield>
</record>