

<record xmlns="http://www.loc.gov/MARC21/slim"
xmlns:xsi="http://www.w3.org/2001/XMLSchema-instance"
xsi:schemaLocation="http://www.loc.gov/MARC21/slim
http://www.loc.gov/standards/marcxml/schema/MARC21slim.xsd">
  <leader>03002nam  22004931  4500</leader>
  <controlfield tag="001">020259500</controlfield>
  <datafield tag="245" ind1="1" ind2="0">
    <subfield code="a">Getting started in clinical radiology</subfield>
    <subfield code="h">[electronic resource] :</subfield>
    <subfield code="b">from image to diagnosis /</subfield>
    <subfield code="c">George W. Eastman, Christoph Wald, Jane Crossin.</subfield>
  </datafield>
  <datafield tag="500" ind1=" " ind2=" ">
    <subfield code="a">Made available through: Thieme ElectronicBook Library.</subfield>
    <subfield code="5">FMFIU</subfield>
    <subfield code="5">FBoU</subfield>
  </datafield>
  <datafield tag="500" ind1=" " ind2=" ">
    <subfield code="a">Description based on title page (viewed Aug. 15, 2007)</subfield>
    <subfield code="5">FU</subfield>
    <subfield code="5">FTaSU</subfield>
  </datafield>
  <datafield tag="500" ind1=" " ind2=" ">
    <subfield code="a">Includes index.</subfield>
    <subfield code="5">FMFIU</subfield>
    <subfield code="5">FU</subfield>
    <subfield code="5">FTaSU</subfield>
    <subfield code="5">FBoU</subfield>
  </datafield>
  <datafield tag="500" ind1=" " ind2=" ">
    <subfield code="a">Specialty: Radiology.</subfield>
    <subfield code="5">FBoU</subfield>
  </datafield>
</record>