

<record xmlns="http://www.loc.gov/MARC21/slim"
xmlns:xsi="http://www.w3.org/2001/XMLSchema-instance"
xsi:schemaLocation="http://www.loc.gov/MARC21/slim
http://www.loc.gov/standards/marcxml/schema/MARC21slim.xsd">
  <leader>     cam  2200409Ka 4500</leader>
  <controlfield tag="001">032816630</controlfield>
  <datafield tag="245" ind1="1" ind2="2">
    <subfield code="a">A palliative ethic of care</subfield>
    <subfield code="h">[electronic resource] :</subfield>
    <subfield code="b">clinical wisdom at life&apos;s end /</subfield>
    <subfield code="c">Joseph J. Fins.</subfield>
  </datafield>
</record>