

<record xmlns="http://www.loc.gov/MARC21/slim"
xmlns:xsi="http://www.w3.org/2001/XMLSchema-instance"
xsi:schemaLocation="http://www.loc.gov/MARC21/slim
http://www.loc.gov/standards/marcxml/schema/MARC21slim.xsd">
  <leader>     cam  22005054a 4500</leader>
  <controlfield tag="001">028408258</controlfield>
  <datafield tag="245" ind1="1" ind2="4">
    <subfield code="a">The bioterrorism sourcebook</subfield>
    <subfield code="h">[electronic resource] /</subfield>
    <subfield code="c">Michael R. Grey, Kenneth R. Spaeth.</subfield>
  </datafield>
  <datafield tag="500" ind1=" " ind2=" ">
    <subfield code="a">Title from AccessMed&apos;s title screen (viewed September 11, 2007).</subfield>
    <subfield code="5">FTaSU</subfield>
  </datafield>
  <datafield tag="500" ind1=" " ind2=" ">
    <subfield code="a">Title from title screen (viewed Feb. 6, 2007).</subfield>
    <subfield code="5">FTS</subfield>
  </datafield>
</record>