

<record xmlns="http://www.loc.gov/MARC21/slim"
xmlns:xsi="http://www.w3.org/2001/XMLSchema-instance"
xsi:schemaLocation="http://www.loc.gov/MARC21/slim
http://www.loc.gov/standards/marcxml/schema/MARC21slim.xsd">
  <leader>01355pam  22003614a 4500</leader>
  <controlfield tag="001">020229403</controlfield>
  <datafield tag="245" ind1="1" ind2="0">
    <subfield code="a">Sauer&apos;s manual of skin diseases</subfield>
    <subfield code="h">[electronic resource] /</subfield>
    <subfield code="c">John C. Hall ; with 35 contributing authors.</subfield>
  </datafield>
</record>