

<record xmlns="http://www.loc.gov/MARC21/slim"
xmlns:xsi="http://www.w3.org/2001/XMLSchema-instance"
xsi:schemaLocation="http://www.loc.gov/MARC21/slim
http://www.loc.gov/standards/marcxml/schema/MARC21slim.xsd">
  <leader>02925cam  2200505Ia 4500</leader>
  <controlfield tag="001">032526487</controlfield>
  <datafield tag="245" ind1="1" ind2="0">
    <subfield code="a">Gastrointestinal imaging</subfield>
    <subfield code="h">[electronic resource] /</subfield>
    <subfield code="c">Robert D. Halpert.</subfield>
  </datafield>
  <datafield tag="500" ind1=" " ind2=" ">
    <subfield code="a">Rev. ed. of: Gastrointestinal radiology, 1999.</subfield>
  </datafield>
</record>