

<record xmlns="http://www.loc.gov/MARC21/slim"
xmlns:xsi="http://www.w3.org/2001/XMLSchema-instance"
xsi:schemaLocation="http://www.loc.gov/MARC21/slim
http://www.loc.gov/standards/marcxml/schema/MARC21slim.xsd">
  <leader>     cam  22004574a 4500</leader>
  <controlfield tag="001">027897388</controlfield>
  <datafield tag="245" ind1="1" ind2="0">
    <subfield code="a">Longitudinal data analysis</subfield>
    <subfield code="h">[electronic resource] /</subfield>
    <subfield code="c">Donald Hedeker, Robert D. Gibbons.</subfield>
  </datafield>
  <datafield tag="500" ind1=" " ind2=" ">
    <subfield code="a">Title from Wiley&apos;s title page (viewed Aug 17, 2006).</subfield>
    <subfield code="5">FTaSU</subfield>
  </datafield>
</record>