

<record xmlns="http://www.loc.gov/MARC21/slim"
xmlns:xsi="http://www.w3.org/2001/XMLSchema-instance"
xsi:schemaLocation="http://www.loc.gov/MARC21/slim
http://www.loc.gov/standards/marcxml/schema/MARC21slim.xsd">
  <leader>     nas  22004094a 4500</leader>
  <controlfield tag="001">027237820</controlfield>
  <datafield tag="245" ind1="1" ind2="0">
    <subfield code="a">Journal of the American Board of Family Medicine</subfield>
    <subfield code="h">[electronic resource] :</subfield>
    <subfield code="b">JABFM.</subfield>
  </datafield>
  <datafield tag="500" ind1=" " ind2=" ">
    <subfield code="a">Title from the screen (viewed Jun 17, 2006).</subfield>
    <subfield code="5">FTaSU</subfield>
  </datafield>
</record>