

<record xmlns="http://www.loc.gov/MARC21/slim"
xmlns:xsi="http://www.w3.org/2001/XMLSchema-instance"
xsi:schemaLocation="http://www.loc.gov/MARC21/slim
http://www.loc.gov/standards/marcxml/schema/MARC21slim.xsd">
  <leader>     cgm  22003614a 4500</leader>
  <controlfield tag="001">029295629</controlfield>
  <datafield tag="245" ind1="1" ind2="0">
    <subfield code="a">Philosophy of science</subfield>
    <subfield code="h">[videorecording] /</subfield>
    <subfield code="c">[taught by] Jeffrey L. Kasser.</subfield>
  </datafield>
  <datafield tag="500" ind1=" " ind2=" ">
    <subfield code="a">Cataloged from disc labels, containers, and accompanying course guidebooks.</subfield>
    <subfield code="5">FTaSU</subfield>
  </datafield>
  <datafield tag="500" ind1=" " ind2=" ">
    <subfield code="a">Course no. 4100.</subfield>
    <subfield code="5">FTaSU</subfield>
  </datafield>
</record>