

<record xmlns="http://www.loc.gov/MARC21/slim"
xmlns:xsi="http://www.w3.org/2001/XMLSchema-instance"
xsi:schemaLocation="http://www.loc.gov/MARC21/slim
http://www.loc.gov/standards/marcxml/schema/MARC21slim.xsd">
  <leader>03192cam  2200757Ma 4500</leader>
  <controlfield tag="001">025311362</controlfield>
  <datafield tag="245" ind1="1" ind2="0">
    <subfield code="a">Psychiatry</subfield>
    <subfield code="h">[electronic resource] :</subfield>
    <subfield code="b">PreTest self-assessment and review.</subfield>
  </datafield>
</record>