

<record xmlns="http://www.loc.gov/MARC21/slim"
xmlns:xsi="http://www.w3.org/2001/XMLSchema-instance"
xsi:schemaLocation="http://www.loc.gov/MARC21/slim
http://www.loc.gov/standards/marcxml/schema/MARC21slim.xsd">
  <leader>     cam  22004934a 4500</leader>
  <controlfield tag="001">020933376</controlfield>
  <datafield tag="245" ind1="1" ind2="0">
    <subfield code="a">Robbins and Cotran atlas of pathology /</subfield>
    <subfield code="c">Edward C. Klatt.</subfield>
  </datafield>
  <datafield tag="500" ind1=" " ind2=" ">
    <subfield code="a">Includes index.</subfield>
    <subfield code="5">FU</subfield>
    <subfield code="5">FFmFGC</subfield>
    <subfield code="5">FTaSU</subfield>
  </datafield>
</record>