

<record xmlns="http://www.loc.gov/MARC21/slim"
xmlns:xsi="http://www.w3.org/2001/XMLSchema-instance"
xsi:schemaLocation="http://www.loc.gov/MARC21/slim
http://www.loc.gov/standards/marcxml/schema/MARC21slim.xsd">
  <leader>     cam  22004214a 4500</leader>
  <controlfield tag="001">023729454</controlfield>
  <datafield tag="245" ind1="1" ind2="0">
    <subfield code="a">Pocket atlas of oral diseases</subfield>
    <subfield code="h">[electronic resource] /</subfield>
    <subfield code="c">George Laskaris.</subfield>
  </datafield>
  <datafield tag="500" ind1=" " ind2=" ">
    <subfield code="a">Description based on title screen (viewed Feb. 9, 2006).</subfield>
    <subfield code="5">FU</subfield>
  </datafield>
  <datafield tag="500" ind1=" " ind2=" ">
    <subfield code="a">Includes index.</subfield>
    <subfield code="5">FU</subfield>
    <subfield code="5">FTaSU</subfield>
  </datafield>
  <datafield tag="500" ind1=" " ind2=" ">
    <subfield code="a">Digitized and made available by Thieme.</subfield>
    <subfield code="5">FU</subfield>
    <subfield code="5">FTaSU</subfield>
  </datafield>
  <datafield tag="500" ind1=" " ind2=" ">
    <subfield code="a">Description based on title screen (viewed Aug.31, 2006).</subfield>
    <subfield code="5">FTaSU</subfield>
  </datafield>
</record>