

<record xmlns="http://www.loc.gov/MARC21/slim"
xmlns:xsi="http://www.w3.org/2001/XMLSchema-instance"
xsi:schemaLocation="http://www.loc.gov/MARC21/slim
http://www.loc.gov/standards/marcxml/schema/MARC21slim.xsd">
  <leader>     cam  22004454a 4500</leader>
  <controlfield tag="001">027912294</controlfield>
  <datafield tag="245" ind1="1" ind2="0">
    <subfield code="a">Sleep</subfield>
    <subfield code="h">[electronic resource] :</subfield>
    <subfield code="b">a comprehensive handbook /</subfield>
    <subfield code="c">Teofilo Lee-Chiong.</subfield>
  </datafield>
  <datafield tag="500" ind1=" " ind2=" ">
    <subfield code="a">Title from Wiley&apos;s title page (viewed Aug. 25, 2006).</subfield>
    <subfield code="5">FTaSU</subfield>
  </datafield>
</record>