

<record xmlns="http://www.loc.gov/MARC21/slim"
xmlns:xsi="http://www.w3.org/2001/XMLSchema-instance"
xsi:schemaLocation="http://www.loc.gov/MARC21/slim
http://www.loc.gov/standards/marcxml/schema/MARC21slim.xsd">
  <leader>     cam  22004094a 4500</leader>
  <controlfield tag="001">021114155</controlfield>
  <datafield tag="245" ind1="1" ind2="0">
    <subfield code="a">Digital neuroanatomy</subfield>
    <subfield code="h">[electronic resource] /</subfield>
    <subfield code="c">George R. Leichnetz.</subfield>
  </datafield>
  <datafield tag="500" ind1=" " ind2=" ">
    <subfield code="a">Title from homepage ( viewed Feb.25, 2009).</subfield>
    <subfield code="5">FTaSU</subfield>
  </datafield>
</record>