

<record xmlns="http://www.loc.gov/MARC21/slim"
xmlns:xsi="http://www.w3.org/2001/XMLSchema-instance"
xsi:schemaLocation="http://www.loc.gov/MARC21/slim
http://www.loc.gov/standards/marcxml/schema/MARC21slim.xsd">
  <leader>     cam  2200373Ka 4500</leader>
  <controlfield tag="001">020162960</controlfield>
  <datafield tag="245" ind1="1" ind2="0">
    <subfield code="a">Clinical anesthesiology</subfield>
    <subfield code="h">[electronic resource] /</subfield>
    <subfield code="c">G. Edward Morgan, Jr., Maged S. Mikhail, Michael J. Murray.</subfield>
  </datafield>
  <datafield tag="500" ind1=" " ind2=" ">
    <subfield code="a">Description based on title information screen (viewed Oct. 26, 2005).</subfield>
  </datafield>
  <datafield tag="500" ind1=" " ind2=" ">
    <subfield code="a">Also available in print.</subfield>
  </datafield>
  <datafield tag="500" ind1=" " ind2=" ">
    <subfield code="a">Previous ed.: 2002.</subfield>
  </datafield>
</record>