

<record xmlns="http://www.loc.gov/MARC21/slim"
xmlns:xsi="http://www.w3.org/2001/XMLSchema-instance"
xsi:schemaLocation="http://www.loc.gov/MARC21/slim
http://www.loc.gov/standards/marcxml/schema/MARC21slim.xsd">
  <leader>04148nam  22005411  4500</leader>
  <controlfield tag="001">020259450</controlfield>
  <datafield tag="245" ind1="1" ind2="0">
    <subfield code="a">Fundamentals of neurology</subfield>
    <subfield code="h">[electronic resource] :</subfield>
    <subfield code="b">an illustrated guide /</subfield>
    <subfield code="c">Mark Mumenthaler, Heinrich Mattle ; translated and adapted by Ethan Taub.</subfield>
  </datafield>
  <datafield tag="500" ind1=" " ind2=" ">
    <subfield code="a">Description based on title screen (viewed May 17, 2007)</subfield>
    <subfield code="5">FTaSU</subfield>
  </datafield>
  <datafield tag="500" ind1=" " ind2=" ">
    <subfield code="a">&quot;Revised translation of the German edition ... Grundkurs Neurologie. Illustriertes Basiswissen für das Studium&quot;--T.p. verso.</subfield>
    <subfield code="5">FMFIU</subfield>
    <subfield code="5">FU</subfield>
    <subfield code="5">FTaSU</subfield>
  </datafield>
  <datafield tag="500" ind1=" " ind2=" ">
    <subfield code="a">Includes index.</subfield>
    <subfield code="5">FMFIU</subfield>
    <subfield code="5">FU</subfield>
    <subfield code="5">FTaSU</subfield>
  </datafield>
  <datafield tag="500" ind1=" " ind2=" ">
    <subfield code="a">Made available through: Thieme ElectronicBook Library.</subfield>
    <subfield code="5">FMFIU</subfield>
  </datafield>
  <datafield tag="500" ind1=" " ind2=" ">
    <subfield code="a">Description based on title screen (viewed June 11, 2007)</subfield>
    <subfield code="5">FU</subfield>
  </datafield>
</record>