

<record xmlns="http://www.loc.gov/MARC21/slim"
xmlns:xsi="http://www.w3.org/2001/XMLSchema-instance"
xsi:schemaLocation="http://www.loc.gov/MARC21/slim
http://www.loc.gov/standards/marcxml/schema/MARC21slim.xsd">
  <leader>     cas  2200649 a 4500</leader>
  <controlfield tag="001">020311390</controlfield>
  <datafield tag="245" ind1="1" ind2="0">
    <subfield code="a">Obesity.</subfield>
  </datafield>
  <datafield tag="500" ind1=" " ind2=" ">
    <subfield code="a">Latest issue consulted: Vol. 14, no. 4 (Apr. 2006).</subfield>
    <subfield code="5">FOFT</subfield>
    <subfield code="5">FTaSU</subfield>
  </datafield>
  <datafield tag="500" ind1=" " ind2=" ">
    <subfield code="a">Title from cover.</subfield>
    <subfield code="5">FU</subfield>
    <subfield code="5">FOFT</subfield>
    <subfield code="5">FTaSU</subfield>
  </datafield>
</record>