

<record xmlns="http://www.loc.gov/MARC21/slim"
xmlns:xsi="http://www.w3.org/2001/XMLSchema-instance"
xsi:schemaLocation="http://www.loc.gov/MARC21/slim
http://www.loc.gov/standards/marcxml/schema/MARC21slim.xsd">
  <leader>     cam  22004334u 4500</leader>
  <controlfield tag="001">023541810</controlfield>
  <datafield tag="245" ind1="1" ind2="0">
    <subfield code="a">Basic otorhinolaryngology</subfield>
    <subfield code="h">[electronic resource] /</subfield>
    <subfield code="c">Rudolf Probst, Gerhard Grevers, Heinrich Iro ; with contributions by, Frank Rosanowski, Ulrich Eysholdt, Thomas Brauer ; [translator, Terry Telger].</subfield>
  </datafield>
  <datafield tag="500" ind1=" " ind2=" ">
    <subfield code="a">Title from Thieme&apos;s title page (viewed Nov. 19, 2007).</subfield>
    <subfield code="5">FTaSU</subfield>
  </datafield>
  <datafield tag="500" ind1=" " ind2=" ">
    <subfield code="a">Title from title page (viewed Nov. 20, 2007).</subfield>
    <subfield code="5">FU</subfield>
  </datafield>
  <datafield tag="500" ind1=" " ind2=" ">
    <subfield code="a">Authorized and revised translation of: Hals-Nasen-Ohren Heilkunde. 2nd ed. Stuttgart : Georg Thieme , c2004.</subfield>
    <subfield code="5">FU</subfield>
    <subfield code="5">FTaSU</subfield>
  </datafield>
</record>