

<record xmlns="http://www.loc.gov/MARC21/slim"
xmlns:xsi="http://www.w3.org/2001/XMLSchema-instance"
xsi:schemaLocation="http://www.loc.gov/MARC21/slim
http://www.loc.gov/standards/marcxml/schema/MARC21slim.xsd">
  <leader>     cam  22005294a 4500</leader>
  <controlfield tag="001">023747874</controlfield>
  <datafield tag="245" ind1="1" ind2="0">
    <subfield code="a">Histology :</subfield>
    <subfield code="b">a text and atlas : with correlated cell and molecular biology /</subfield>
    <subfield code="c">Michael H. Ross, Wojciech Pawlina.</subfield>
  </datafield>
  <datafield tag="500" ind1=" " ind2=" ">
    <subfield code="a">Includes index.</subfield>
    <subfield code="5">FTS</subfield>
    <subfield code="5">FU</subfield>
    <subfield code="5">FTaSU</subfield>
    <subfield code="5">FOFT</subfield>
  </datafield>
</record>