

<record xmlns="http://www.loc.gov/MARC21/slim"
xmlns:xsi="http://www.w3.org/2001/XMLSchema-instance"
xsi:schemaLocation="http://www.loc.gov/MARC21/slim
http://www.loc.gov/standards/marcxml/schema/MARC21slim.xsd">
  <leader>     cgm  2200505 a 4500</leader>
  <controlfield tag="001">020046084</controlfield>
  <datafield tag="245" ind1="0" ind2="0">
    <subfield code="a">Salud!</subfield>
    <subfield code="h">[videorecording] /</subfield>
    <subfield code="c">New Paradigms presents a Clarity production ; produced and directed by Connie Field ; co-produced by Gail Reed.</subfield>
  </datafield>
  <datafield tag="500" ind1=" " ind2=" ">
    <subfield code="a">A special menu for educators divides the film into 2 parts for classroom use.</subfield>
    <subfield code="5">FTaSU</subfield>
    <subfield code="5">FOFT</subfield>
    <subfield code="5">FMFIU</subfield>
  </datafield>
  <datafield tag="500" ind1=" " ind2=" ">
    <subfield code="a">Originally released in 2006.</subfield>
    <subfield code="5">FMFIU</subfield>
  </datafield>
</record>