

<record xmlns="http://www.loc.gov/MARC21/slim"
xmlns:xsi="http://www.w3.org/2001/XMLSchema-instance"
xsi:schemaLocation="http://www.loc.gov/MARC21/slim
http://www.loc.gov/standards/marcxml/schema/MARC21slim.xsd">
  <leader>     cam  22004814a 4500</leader>
  <controlfield tag="001">021418326</controlfield>
  <datafield tag="245" ind1="1" ind2="0">
    <subfield code="a">Pathology /</subfield>
    <subfield code="c">Arthur S. Schneider, Philip A. Szanto ; with special contributions by Sandra I. Kim, Todd A. Swanson.</subfield>
  </datafield>
  <datafield tag="500" ind1=" " ind2=" ">
    <subfield code="a">Includes index.</subfield>
    <subfield code="5">FTaSU</subfield>
  </datafield>
</record>