

<record xmlns="http://www.loc.gov/MARC21/slim"
xmlns:xsi="http://www.w3.org/2001/XMLSchema-instance"
xsi:schemaLocation="http://www.loc.gov/MARC21/slim
http://www.loc.gov/standards/marcxml/schema/MARC21slim.xsd">
  <leader>03751nam  22005651  4500</leader>
  <controlfield tag="001">020260360</controlfield>
  <datafield tag="245" ind1="1" ind2="0">
    <subfield code="a">Thieme clinical companions.</subfield>
    <subfield code="p">Dermatology</subfield>
    <subfield code="h">[electronic resource] /</subfield>
    <subfield code="c">Wolfram Sterry, Ralf Paus, Walter Burgdorf ; with contributions by Heike Audring ... [et al.].</subfield>
  </datafield>
  <datafield tag="500" ind1=" " ind2=" ">
    <subfield code="a">Title from opening screen (viewed Jan. 12, 2007).</subfield>
    <subfield code="5">FTaSU</subfield>
  </datafield>
  <datafield tag="500" ind1=" " ind2=" ">
    <subfield code="a">Includes index.</subfield>
    <subfield code="5">FMFIU</subfield>
    <subfield code="5">FU</subfield>
    <subfield code="5">FTaSU</subfield>
    <subfield code="5">FBoU</subfield>
  </datafield>
  <datafield tag="500" ind1=" " ind2=" ">
    <subfield code="a">Title from opening screen (viewed Jan. 27, 2007).</subfield>
    <subfield code="5">FU</subfield>
  </datafield>
  <datafield tag="500" ind1=" " ind2=" ">
    <subfield code="a">Made available through: Thieme ElectronicBook Library.</subfield>
    <subfield code="5">FMFIU</subfield>
    <subfield code="5">FBoU</subfield>
  </datafield>
  <datafield tag="500" ind1=" " ind2=" ">
    <subfield code="a">Specialty: Dermatology.</subfield>
    <subfield code="5">FBoU</subfield>
  </datafield>
</record>