

<record xmlns="http://www.loc.gov/MARC21/slim"
xmlns:xsi="http://www.w3.org/2001/XMLSchema-instance"
xsi:schemaLocation="http://www.loc.gov/MARC21/slim
http://www.loc.gov/standards/marcxml/schema/MARC21slim.xsd">
  <leader>     nam a2200613Ii 4500</leader>
  <controlfield tag="001">034622659</controlfield>
  <datafield tag="245" ind1="0" ind2="0">
    <subfield code="a">Medicine :</subfield>
    <subfield code="b">PreTest self-assessment and review /</subfield>
    <subfield code="c">Steven L. Berk [and others].</subfield>
  </datafield>
</record>