

<record xmlns="http://www.loc.gov/MARC21/slim"
xmlns:xsi="http://www.w3.org/2001/XMLSchema-instance"
xsi:schemaLocation="http://www.loc.gov/MARC21/slim
http://www.loc.gov/standards/marcxml/schema/MARC21slim.xsd">
  <leader>05998cam  2200829Ia 4500</leader>
  <controlfield tag="001">032253840</controlfield>
  <datafield tag="245" ind1="0" ind2="0">
    <subfield code="a">Green fluorescent protein</subfield>
    <subfield code="h">[electronic resource] :</subfield>
    <subfield code="b">properties, applications, and protocols /</subfield>
    <subfield code="c">edited by Martin Chalfie, Steven R. Kain.</subfield>
  </datafield>
</record>