

<record xmlns="http://www.loc.gov/MARC21/slim"
xmlns:xsi="http://www.w3.org/2001/XMLSchema-instance"
xsi:schemaLocation="http://www.loc.gov/MARC21/slim
http://www.loc.gov/standards/marcxml/schema/MARC21slim.xsd">
  <leader>     nam  22005174a 4500</leader>
  <controlfield tag="001">029351351</controlfield>
  <datafield tag="245" ind1="0" ind2="0">
    <subfield code="a">Oski&apos;s pediatrics</subfield>
    <subfield code="h">[electronic resource] :</subfield>
    <subfield code="b">principles &amp; practice /</subfield>
    <subfield code="c">editor-in-chief, Julia A. McMillan ; editors, Ralph D. Feigin, Catherine D. DeAngelis, M. Douglas Jones, Jr.</subfield>
  </datafield>
  <datafield tag="500" ind1=" " ind2=" ">
    <subfield code="a">Title from Ovid&apos;s title page (viewed April 23, 2008).</subfield>
    <subfield code="5">FTaSU</subfield>
  </datafield>
</record>