

<record xmlns="http://www.loc.gov/MARC21/slim"
xmlns:xsi="http://www.w3.org/2001/XMLSchema-instance"
xsi:schemaLocation="http://www.loc.gov/MARC21/slim
http://www.loc.gov/standards/marcxml/schema/MARC21slim.xsd">
  <leader>     cam  2200385 a 4500</leader>
  <controlfield tag="001">028942122</controlfield>
  <datafield tag="245" ind1="0" ind2="0">
    <subfield code="a">Wheater&apos;s functional histology :</subfield>
    <subfield code="b">a text and colour atlas /</subfield>
    <subfield code="c">Barbara Young ... [et al.] ; drawings by Philip J. Deakin.</subfield>
  </datafield>
  <datafield tag="500" ind1=" " ind2=" ">
    <subfield code="a">Includes index.</subfield>
    <subfield code="5">FTaSU</subfield>
    <subfield code="5">FOFT</subfield>
  </datafield>
</record>