

<record xmlns="http://www.loc.gov/MARC21/slim"
xmlns:xsi="http://www.w3.org/2001/XMLSchema-instance"
xsi:schemaLocation="http://www.loc.gov/MARC21/slim
http://www.loc.gov/standards/marcxml/schema/MARC21slim.xsd">
  <leader>     cam  22003134a 4500</leader>
  <controlfield tag="001">028875806</controlfield>
  <datafield tag="245" ind1="0" ind2="0">
    <subfield code="a">Infectious diseases handbook for medical school student affairs officers.</subfield>
  </datafield>
</record>