

<record xmlns="http://www.loc.gov/MARC21/slim"
xmlns:xsi="http://www.w3.org/2001/XMLSchema-instance"
xsi:schemaLocation="http://www.loc.gov/MARC21/slim
http://www.loc.gov/standards/marcxml/schema/MARC21slim.xsd">
  <leader>     cam  22005654a 4500</leader>
  <controlfield tag="001">028409312</controlfield>
  <datafield tag="245" ind1="0" ind2="0">
    <subfield code="a">Vintage papers from the Lancet /</subfield>
    <subfield code="c">[edited by] Ruth Richardson ; [foreword by Richard Horton].</subfield>
  </datafield>
  <datafield tag="500" ind1=" " ind2=" ">
    <subfield code="a">Contains facsimile reprints of selected articles from the Lancet.</subfield>
    <subfield code="5">FTaSU</subfield>
  </datafield>
</record>