

<record xmlns="http://www.loc.gov/MARC21/slim"
xmlns:xsi="http://www.w3.org/2001/XMLSchema-instance"
xsi:schemaLocation="http://www.loc.gov/MARC21/slim
http://www.loc.gov/standards/marcxml/schema/MARC21slim.xsd">
  <leader>     cam  22006854a 4500</leader>
  <controlfield tag="001">028048624</controlfield>
  <datafield tag="245" ind1="0" ind2="0">
    <subfield code="a">Knobil and Neill&apos;s physiology of reproduction /</subfield>
    <subfield code="c">editor-in-chief, Jimmy D. Neill.</subfield>
  </datafield>
  <datafield tag="500" ind1=" " ind2=" ">
    <subfield code="a">Rev. ed. of: Physiology of reproduction. 2nd ed. c1994.</subfield>
  </datafield>
</record>