

<record xmlns="http://www.loc.gov/MARC21/slim"
xmlns:xsi="http://www.w3.org/2001/XMLSchema-instance"
xsi:schemaLocation="http://www.loc.gov/MARC21/slim
http://www.loc.gov/standards/marcxml/schema/MARC21slim.xsd">
  <leader>     nam a22     4a 4500</leader>
  <controlfield tag="001">027849416</controlfield>
  <datafield tag="245" ind1="0" ind2="0">
    <subfield code="a">Geriatrics at your fingertips :</subfield>
    <subfield code="b">2006-2007 /</subfield>
    <subfield code="c">David B. Reuben ... [et al.].</subfield>
  </datafield>
  <datafield tag="500" ind1=" " ind2=" ">
    <subfield code="a">Includes index.</subfield>
  </datafield>
</record>