

<record xmlns="http://www.loc.gov/MARC21/slim"
xmlns:xsi="http://www.w3.org/2001/XMLSchema-instance"
xsi:schemaLocation="http://www.loc.gov/MARC21/slim
http://www.loc.gov/standards/marcxml/schema/MARC21slim.xsd">
  <leader>01480cam  2200337Ia 4500</leader>
  <controlfield tag="001">025519244</controlfield>
  <datafield tag="245" ind1="0" ind2="0">
    <subfield code="a">Atlas of morphology and functional anatomy of the brain</subfield>
    <subfield code="h">[electronic resource] /</subfield>
    <subfield code="c">T. Scarabino, U. Salvolini ; in collaboration with F. Di Salle, H. Duvernoy, P. Rabischong.</subfield>
  </datafield>
</record>