

<record xmlns="http://www.loc.gov/MARC21/slim"
xmlns:xsi="http://www.w3.org/2001/XMLSchema-instance"
xsi:schemaLocation="http://www.loc.gov/MARC21/slim
http://www.loc.gov/standards/marcxml/schema/MARC21slim.xsd">
  <leader>02519cam  2200541 a 4500</leader>
  <controlfield tag="001">022961437</controlfield>
  <datafield tag="245" ind1="0" ind2="0">
    <subfield code="a">Goodman &amp; Gilman&apos;s the pharmacological basis of therapeutics.</subfield>
  </datafield>
</record>