

<record xmlns="http://www.loc.gov/MARC21/slim"
xmlns:xsi="http://www.w3.org/2001/XMLSchema-instance"
xsi:schemaLocation="http://www.loc.gov/MARC21/slim
http://www.loc.gov/standards/marcxml/schema/MARC21slim.xsd">
  <leader>     nam  22004334a 4500</leader>
  <controlfield tag="001">021157848</controlfield>
  <datafield tag="245" ind1="0" ind2="0">
    <subfield code="a">Wall and Melzack&apos;s textbook of pain</subfield>
    <subfield code="h">[electronic resource] /</subfield>
    <subfield code="c">edited by Stephen B. McMahon, Martin Koltzenburg.</subfield>
  </datafield>
  <datafield tag="500" ind1=" " ind2=" ">
    <subfield code="a">Rev. ed. of: Textbook of pain. 4th ed. 1999.</subfield>
  </datafield>
  <datafield tag="500" ind1=" " ind2=" ">
    <subfield code="a">Title from the screen (viewed Oct. 17, 2007).</subfield>
  </datafield>
  <datafield tag="500" ind1=" " ind2=" ">
    <subfield code="a">Title from MD Consult&apos;s title page (viewed Oct. 17, 2007).</subfield>
  </datafield>
</record>