

<record xmlns="http://www.loc.gov/MARC21/slim"
xmlns:xsi="http://www.w3.org/2001/XMLSchema-instance"
xsi:schemaLocation="http://www.loc.gov/MARC21/slim
http://www.loc.gov/standards/marcxml/schema/MARC21slim.xsd">
  <leader>     cam  22006494a 4500</leader>
  <controlfield tag="001">020278373</controlfield>
  <datafield tag="245" ind1="0" ind2="0">
    <subfield code="a">Obstetrics and gynecology :</subfield>
    <subfield code="b">PreTest self-assessment and review.</subfield>
  </datafield>
  <datafield tag="500" ind1=" " ind2=" ">
    <subfield code="a">Description based on print version record.</subfield>
    <subfield code="5">FPeU</subfield>
  </datafield>
</record>