

<record xmlns="http://www.loc.gov/MARC21/slim"
xmlns:xsi="http://www.w3.org/2001/XMLSchema-instance"
xsi:schemaLocation="http://www.loc.gov/MARC21/slim
http://www.loc.gov/standards/marcxml/schema/MARC21slim.xsd">
  <leader>     cam a2200517Ia 4500</leader>
  <controlfield tag="001">020229502</controlfield>
  <datafield tag="245" ind1="0" ind2="0">
    <subfield code="a">Textbook of pediatric emergency medicine /</subfield>
    <subfield code="c">editors, Gary R. Fleisher, Stephen Ludwig, Fred M. Henretig ; associate editors, Richard M. Ruddy, Benjamin K. Silverman.</subfield>
  </datafield>
  <datafield tag="500" ind1=" " ind2=" ">
    <subfield code="a">Title from Ovid&apos;s titlepage (viewed Jan. 12, 2009).</subfield>
  </datafield>
</record>