

<record xmlns="http://www.loc.gov/MARC21/slim"
xmlns:xsi="http://www.w3.org/2001/XMLSchema-instance"
xsi:schemaLocation="http://www.loc.gov/MARC21/slim
http://www.loc.gov/standards/marcxml/schema/MARC21slim.xsd">
  <leader>     cam  22004098a 4500</leader>
  <controlfield tag="001">020175370</controlfield>
  <datafield tag="245" ind1="0" ind2="0">
    <subfield code="a">Mosby&apos;s physical examination handbook /</subfield>
    <subfield code="c">Henry M. Seidel ... [et al.].</subfield>
  </datafield>
  <datafield tag="500" ind1=" " ind2=" ">
    <subfield code="a">Previous ed.: 2003.</subfield>
    <subfield code="5">FU</subfield>
    <subfield code="5">FTaSU</subfield>
  </datafield>
</record>