

<record xmlns="http://www.loc.gov/MARC21/slim"
xmlns:xsi="http://www.w3.org/2001/XMLSchema-instance"
xsi:schemaLocation="http://www.loc.gov/MARC21/slim
http://www.loc.gov/standards/marcxml/schema/MARC21slim.xsd">
  <leader>     cam a2200601Mi 4500</leader>
  <controlfield tag="001">020155934</controlfield>
  <datafield tag="245" ind1="0" ind2="0">
    <subfield code="a">Child neurology /</subfield>
    <subfield code="c">edited by John H. Menkes, Harvey B. Sarnat, Bernard L. Maria.</subfield>
  </datafield>
  <datafield tag="500" ind1=" " ind2=" ">
    <subfield code="a">Title from HTML title information screen (viewed on Jan. 16, 2008).</subfield>
  </datafield>
  <datafield tag="500" ind1=" " ind2=" ">
    <subfield code="a">Electronic book available through R2library.</subfield>
    <subfield code="5">FU</subfield>
  </datafield>
</record>