

<record xmlns="http://www.loc.gov/MARC21/slim"
xmlns:xsi="http://www.w3.org/2001/XMLSchema-instance"
xsi:schemaLocation="http://www.loc.gov/MARC21/slim
http://www.loc.gov/standards/marcxml/schema/MARC21slim.xsd">
  <leader>     cam  2200397Ia 4500</leader>
  <controlfield tag="001">020240459</controlfield>
  <datafield tag="245" ind1="1" ind2="0">
    <subfield code="a">Functional neuroanatomy</subfield>
    <subfield code="h">[electronic resource] :</subfield>
    <subfield code="b">text and atlas /</subfield>
    <subfield code="c">Adel K. Afifi, Ronald A. Bergman.</subfield>
  </datafield>
  <datafield tag="500" ind1=" " ind2=" ">
    <subfield code="a">Title from title page (viewed June 20, 2006).</subfield>
    <subfield code="5">FTaSU</subfield>
  </datafield>
  <datafield tag="500" ind1=" " ind2=" ">
    <subfield code="a">Title from HTML title information screen (viewed on Apr. 17, 2006).</subfield>
    <subfield code="5">FU</subfield>
    <subfield code="5">FMFIU</subfield>
  </datafield>
  <datafield tag="500" ind1=" " ind2=" ">
    <subfield code="a">Electronic book available through R2library.</subfield>
    <subfield code="5">FU</subfield>
    <subfield code="5">FTaSU</subfield>
  </datafield>
</record>