

<record xmlns="http://www.loc.gov/MARC21/slim"
xmlns:xsi="http://www.w3.org/2001/XMLSchema-instance"
xsi:schemaLocation="http://www.loc.gov/MARC21/slim
http://www.loc.gov/standards/marcxml/schema/MARC21slim.xsd">
  <leader>     nam a22      a 4500</leader>
  <controlfield tag="001">026529126</controlfield>
  <datafield tag="245" ind1=" " ind2="0">
    <subfield code="a">50&apos; Extension</subfield>
  </datafield>
</record>