

<record xmlns="http://www.loc.gov/MARC21/slim"
xmlns:xsi="http://www.w3.org/2001/XMLSchema-instance"
xsi:schemaLocation="http://www.loc.gov/MARC21/slim
http://www.loc.gov/standards/marcxml/schema/MARC21slim.xsd">
  <leader>     cam  22006494a 4500</leader>
  <controlfield tag="001">023835109</controlfield>
  <datafield tag="245" ind1="1" ind2="0">
    <subfield code="a">Biochemistry /</subfield>
    <subfield code="c">Pamela C. Champe, Richard A. Harvey, Denise R. Ferrier.</subfield>
  </datafield>
  <datafield tag="500" ind1=" " ind2=" ">
    <subfield code="a">Includes index.</subfield>
    <subfield code="5">FTS</subfield>
  </datafield>
</record>