

<record xmlns="http://www.loc.gov/MARC21/slim"
xmlns:xsi="http://www.w3.org/2001/XMLSchema-instance"
xsi:schemaLocation="http://www.loc.gov/MARC21/slim
http://www.loc.gov/standards/marcxml/schema/MARC21slim.xsd">
  <leader>01716nam  2200385Ia 4500</leader>
  <controlfield tag="001">023525973</controlfield>
  <datafield tag="245" ind1="1" ind2="0">
    <subfield code="a">Current essentials of surgery</subfield>
    <subfield code="h">[electronic resource] /</subfield>
    <subfield code="c">Gerard M. Doherty.</subfield>
  </datafield>
  <datafield tag="500" ind1=" " ind2=" ">
    <subfield code="a">&quot;Disease per page, diagnosis &amp; treatment&quot;--Cover.</subfield>
    <subfield code="5">FPeU</subfield>
    <subfield code="5">FJUNF</subfield>
    <subfield code="5">FOFT</subfield>
    <subfield code="5">FTS</subfield>
    <subfield code="5">FMFIU</subfield>
    <subfield code="5">FBoU</subfield>
  </datafield>
  <datafield tag="500" ind1=" " ind2=" ">
    <subfield code="a">&quot;A Lange medical book&quot;--Title page</subfield>
    <subfield code="5">FPeU</subfield>
    <subfield code="5">FJUNF</subfield>
    <subfield code="5">FOFT</subfield>
    <subfield code="5">FTS</subfield>
    <subfield code="5">FMFIU</subfield>
    <subfield code="5">FBoU</subfield>
  </datafield>
  <datafield tag="500" ind1=" " ind2=" ">
    <subfield code="a">&quot;More than 400 diseases, a disease per page, a pearl per page, a reference per page&quot;--Cover</subfield>
    <subfield code="5">FPeU</subfield>
    <subfield code="5">FJUNF</subfield>
    <subfield code="5">FOFT</subfield>
    <subfield code="5">FTS</subfield>
    <subfield code="5">FMFIU</subfield>
    <subfield code="5">FBoU</subfield>
  </datafield>
</record>