

<record xmlns="http://www.loc.gov/MARC21/slim"
xmlns:xsi="http://www.w3.org/2001/XMLSchema-instance"
xsi:schemaLocation="http://www.loc.gov/MARC21/slim
http://www.loc.gov/standards/marcxml/schema/MARC21slim.xsd">
  <leader>03236nam  22003252u 4500</leader>
  <controlfield tag="001">022974979</controlfield>
  <datafield tag="245" ind1="1" ind2="0">
    <subfield code="a">Nuclear Organization in Development and Disease</subfield>
    <subfield code="h">[electronic resource] :</subfield>
    <subfield code="b">Novartis Foundation Symposium.</subfield>
  </datafield>
  <datafield tag="500" ind1=" " ind2=" ">
    <subfield code="a">Description based upon print version of record.</subfield>
  </datafield>
  <datafield tag="500" ind1=" " ind2=" ">
    <subfield code="a">Title from Wiley&apos;s title page (viewed Aug. 22, 2006).</subfield>
    <subfield code="5">FTaSU</subfield>
  </datafield>
</record>