

<record xmlns="http://www.loc.gov/MARC21/slim"
xmlns:xsi="http://www.w3.org/2001/XMLSchema-instance"
xsi:schemaLocation="http://www.loc.gov/MARC21/slim
http://www.loc.gov/standards/marcxml/schema/MARC21slim.xsd">
  <leader>00000nam  2200241u  4500</leader>
  <controlfield tag="001">026321478</controlfield>
  <datafield tag="245" ind1="1" ind2="0">
    <subfield code="a">Biochemistry /</subfield>
    <subfield code="c">Reginald H. Garrett, Charles Grisham</subfield>
  </datafield>
  <datafield tag="500" ind1=" " ind2=" ">
    <subfield code="a">InfoTrac college ed.[and]Biochemistry Now pascode card tipped in.</subfield>
    <subfield code="5">FTaSU</subfield>
  </datafield>
  <datafield tag="500" ind1=" " ind2=" ">
    <subfield code="a">InfoTrac college ed. [and] Biochemistry Now passcode card tipped in.</subfield>
    <subfield code="5">FTS</subfield>
  </datafield>
</record>