

<record xmlns="http://www.loc.gov/MARC21/slim"
xmlns:xsi="http://www.w3.org/2001/XMLSchema-instance"
xsi:schemaLocation="http://www.loc.gov/MARC21/slim
http://www.loc.gov/standards/marcxml/schema/MARC21slim.xsd">
  <leader>     nam  22004094a 4500</leader>
  <controlfield tag="001">021419882</controlfield>
  <datafield tag="245" ind1="1" ind2="0">
    <subfield code="a">What your patients need to know about psychiatric medications</subfield>
    <subfield code="h">[electronic resource] /</subfield>
    <subfield code="c">by Robert E. Hales, Stuart C. Yudofsky, Robert H. Chew.</subfield>
  </datafield>
  <datafield tag="500" ind1=" " ind2=" ">
    <subfield code="a">Title from the screen (viewed Oct. 30, 2006).</subfield>
  </datafield>
  <datafield tag="500" ind1=" " ind2=" ">
    <subfield code="a">Includes index.</subfield>
  </datafield>
</record>