

<record xmlns="http://www.loc.gov/MARC21/slim"
xmlns:xsi="http://www.w3.org/2001/XMLSchema-instance"
xsi:schemaLocation="http://www.loc.gov/MARC21/slim
http://www.loc.gov/standards/marcxml/schema/MARC21slim.xsd">
  <leader>     nas a22      a 4500</leader>
  <controlfield tag="001">027156801</controlfield>
  <datafield tag="245" ind1="0" ind2="0">
    <subfield code="a">International journal of obesity :</subfield>
    <subfield code="b">journal of the international Association for the Study of Obesity.</subfield>
  </datafield>
  <datafield tag="500" ind1=" " ind2=" ">
    <subfield code="a">Title from the screen (viewed March 4, 2006).</subfield>
    <subfield code="5">FTaSU</subfield>
  </datafield>
  <datafield tag="500" ind1=" " ind2=" ">
    <subfield code="a">Full text coverage:v.21(1) (Jan. 1997)-</subfield>
    <subfield code="5">FTaSU</subfield>
  </datafield>
</record>