

<record xmlns="http://www.loc.gov/MARC21/slim"
xmlns:xsi="http://www.w3.org/2001/XMLSchema-instance"
xsi:schemaLocation="http://www.loc.gov/MARC21/slim
http://www.loc.gov/standards/marcxml/schema/MARC21slim.xsd">
  <leader>03452nam  2200553 a 4500</leader>
  <controlfield tag="001">023593814</controlfield>
  <datafield tag="245" ind1="1" ind2="0">
    <subfield code="a">Medical microbiology</subfield>
    <subfield code="h">[electronic resource] /</subfield>
    <subfield code="c">Fritz H. Kayser ... [et al.].</subfield>
  </datafield>
  <datafield tag="500" ind1=" " ind2=" ">
    <subfield code="a">Made available through: Thieme ElectronicBook Library.</subfield>
    <subfield code="5">FBoU</subfield>
  </datafield>
  <datafield tag="500" ind1=" " ind2=" ">
    <subfield code="a">Specialty: Microbiology.</subfield>
    <subfield code="5">FBoU</subfield>
  </datafield>
  <datafield tag="500" ind1=" " ind2=" ">
    <subfield code="a">Description based on title information screen (viewed September 12, 2005).</subfield>
    <subfield code="5">FU</subfield>
  </datafield>
  <datafield tag="500" ind1=" " ind2=" ">
    <subfield code="a">Description based on title information screen (viewed Aut. 30, 2006).</subfield>
    <subfield code="5">FTaSU</subfield>
  </datafield>
</record>