

<record xmlns="http://www.loc.gov/MARC21/slim"
xmlns:xsi="http://www.w3.org/2001/XMLSchema-instance"
xsi:schemaLocation="http://www.loc.gov/MARC21/slim
http://www.loc.gov/standards/marcxml/schema/MARC21slim.xsd">
  <leader>     cam  22005654a 4500</leader>
  <controlfield tag="001">020234474</controlfield>
  <datafield tag="245" ind1="1" ind2="0">
    <subfield code="a">Robbins and Cotran review of pathology /</subfield>
    <subfield code="c">Edward C. Klatt, Vinay Kumar.</subfield>
  </datafield>
  <datafield tag="500" ind1=" " ind2=" ">
    <subfield code="a">Rev. ed. of: Robbins review of pathology / Edward C. Klatt, Vinay Kumar. c2000.</subfield>
    <subfield code="5">FMFIU</subfield>
    <subfield code="5">FTaSU</subfield>
  </datafield>
</record>