

<record xmlns="http://www.loc.gov/MARC21/slim"
xmlns:xsi="http://www.w3.org/2001/XMLSchema-instance"
xsi:schemaLocation="http://www.loc.gov/MARC21/slim
http://www.loc.gov/standards/marcxml/schema/MARC21slim.xsd">
  <leader>     cam  2200397Ia 4500</leader>
  <controlfield tag="001">033259046</controlfield>
  <datafield tag="245" ind1="1" ind2="0">
    <subfield code="a">DNA replication /</subfield>
    <subfield code="c">Arthur Kornberg, Tania A. Baker.</subfield>
  </datafield>
  <datafield tag="500" ind1=" " ind2=" ">
    <subfield code="a">Widely hailed upon its publication in 1980, the first edition of this book is regarded as a classic of modern science. Kornberg&apos;s insights and his descriptions of the enzymology of DNA replication drew together the many aspects of the field within one authorative volume and made it the standard reference in the field. Now this distinctive work has been completely revised to reflect current research and interpretations. The authors have created and exceptional second edition that provides the reader with up-to-date coverage of DNA replication and related cellular processes- including excellent summaries of recent work on replication in eukaryotes and bacteria. Other new features of the second edition include: Expanded coverage of DNA polymerases, primases and primosomes, helicases, topiosomerases, DNA-binding protein, plasmids and organelles, and chromosomal origins; The latest on mechanisms of replication initiation in prokaryotes and their essential recapitulation in eukaryotic systems; Summaries of the replication cycles of many prokaryotic and eukayotic viruses and plasmids, presented in the framework of their lifecycles; Related aspects of RNA synthesis and DNA repair, modification, recombination, and chromosomal segregation. -- from Back Cover</subfield>
  </datafield>
</record>