

<record xmlns="http://www.loc.gov/MARC21/slim"
xmlns:xsi="http://www.w3.org/2001/XMLSchema-instance"
xsi:schemaLocation="http://www.loc.gov/MARC21/slim
http://www.loc.gov/standards/marcxml/schema/MARC21slim.xsd">
  <leader>     cam  22005054a 4500</leader>
  <controlfield tag="001">027906369</controlfield>
  <datafield tag="245" ind1="1" ind2="0">
    <subfield code="a">Neuroendocrinology</subfield>
    <subfield code="h">[electronic resource] :</subfield>
    <subfield code="b">an integrated approach /</subfield>
    <subfield code="c">David A. Lovejoy.</subfield>
  </datafield>
  <datafield tag="500" ind1=" " ind2=" ">
    <subfield code="a">Title from Thieme&apos;s title page (viewd Aug.22, 2006).</subfield>
    <subfield code="5">FTaSU</subfield>
  </datafield>
</record>