

<record xmlns="http://www.loc.gov/MARC21/slim"
xmlns:xsi="http://www.w3.org/2001/XMLSchema-instance"
xsi:schemaLocation="http://www.loc.gov/MARC21/slim
http://www.loc.gov/standards/marcxml/schema/MARC21slim.xsd">
  <leader>03264nam a22004215i 4500</leader>
  <controlfield tag="001">034296133</controlfield>
  <datafield tag="245" ind1="1" ind2="0">
    <subfield code="a">Diagnosis of Endometrial Biopsies and Curettings</subfield>
    <subfield code="h">[electronic resource] :</subfield>
    <subfield code="b">A Practical Approach /</subfield>
    <subfield code="c">by Michael T. Mazur, Robert J. Kurman.</subfield>
  </datafield>
</record>