

<record xmlns="http://www.loc.gov/MARC21/slim"
xmlns:xsi="http://www.w3.org/2001/XMLSchema-instance"
xsi:schemaLocation="http://www.loc.gov/MARC21/slim
http://www.loc.gov/standards/marcxml/schema/MARC21slim.xsd">
  <leader>     cam  2200661Ia 4500</leader>
  <controlfield tag="001">027897179</controlfield>
  <datafield tag="245" ind1="1" ind2="0">
    <subfield code="a">LC/MS</subfield>
    <subfield code="h">[electronic resource] :</subfield>
    <subfield code="b">a practical user&apos;s guide /</subfield>
    <subfield code="c">Marvin C. McMaster.</subfield>
  </datafield>
  <datafield tag="500" ind1=" " ind2=" ">
    <subfield code="a">Title from Wiley&apos;s title page ( viewed Aug. 17, 2005).</subfield>
    <subfield code="5">FTaSU</subfield>
  </datafield>
</record>