

<record xmlns="http://www.loc.gov/MARC21/slim"
xmlns:xsi="http://www.w3.org/2001/XMLSchema-instance"
xsi:schemaLocation="http://www.loc.gov/MARC21/slim
http://www.loc.gov/standards/marcxml/schema/MARC21slim.xsd">
  <leader>     cam  22006854a 4500</leader>
  <controlfield tag="001">023463265</controlfield>
  <datafield tag="245" ind1="1" ind2="0">
    <subfield code="a">Medical microbiology /</subfield>
    <subfield code="c">Patrick R. Murray, Kenneth S. Rosenthal, Michael A. Pfaller.</subfield>
  </datafield>
  <datafield tag="500" ind1=" " ind2=" ">
    <subfield code="a">Rev. ed. of: Medical microbiology / Patrick R. Murray ... [et al.]. 4th ed. c2002.</subfield>
    <subfield code="5">FPeU</subfield>
    <subfield code="5">FTS</subfield>
    <subfield code="5">FTaSU</subfield>
    <subfield code="5">FU</subfield>
  </datafield>
</record>