

<record xmlns="http://www.loc.gov/MARC21/slim"
xmlns:xsi="http://www.w3.org/2001/XMLSchema-instance"
xsi:schemaLocation="http://www.loc.gov/MARC21/slim
http://www.loc.gov/standards/marcxml/schema/MARC21slim.xsd">
  <leader>     cgm  22005534a 4500</leader>
  <controlfield tag="001">029293387</controlfield>
  <datafield tag="245" ind1="1" ind2="0">
    <subfield code="a">Doctors</subfield>
    <subfield code="h">[videorecording] :</subfield>
    <subfield code="b">the history of scientific medicine revealed through biography /</subfield>
    <subfield code="c">Sherwin B. Nuland ; Teaching Company.</subfield>
  </datafield>
</record>