

<record xmlns="http://www.loc.gov/MARC21/slim"
xmlns:xsi="http://www.w3.org/2001/XMLSchema-instance"
xsi:schemaLocation="http://www.loc.gov/MARC21/slim
http://www.loc.gov/standards/marcxml/schema/MARC21slim.xsd">
  <leader>     cam  2200817Ma 4500</leader>
  <controlfield tag="001">027886667</controlfield>
  <datafield tag="245" ind1="1" ind2="3">
    <subfield code="a">An introduction to human molecular genetics</subfield>
    <subfield code="h">[electronic resource] :</subfield>
    <subfield code="b">mechanisms of inherited diseases /</subfield>
    <subfield code="c">Jack J. Pasternak.</subfield>
  </datafield>
  <datafield tag="500" ind1=" " ind2=" ">
    <subfield code="a">Title from title page (viewed Aug. 2006).</subfield>
    <subfield code="5">FTaSU</subfield>
  </datafield>
</record>