

<record xmlns="http://www.loc.gov/MARC21/slim"
xmlns:xsi="http://www.w3.org/2001/XMLSchema-instance"
xsi:schemaLocation="http://www.loc.gov/MARC21/slim
http://www.loc.gov/standards/marcxml/schema/MARC21slim.xsd">
  <leader>01523cas  2200409Ma 4500</leader>
  <controlfield tag="001">028662548</controlfield>
  <datafield tag="245" ind1="1" ind2="0">
    <subfield code="a">PET clinics</subfield>
    <subfield code="h">[electronic resource].</subfield>
  </datafield>
  <datafield tag="500" ind1=" " ind2=" ">
    <subfield code="a">Each issue also has a distinctive title.</subfield>
    <subfield code="5">FBoU</subfield>
  </datafield>
</record>