

<record xmlns="http://www.loc.gov/MARC21/slim"
xmlns:xsi="http://www.w3.org/2001/XMLSchema-instance"
xsi:schemaLocation="http://www.loc.gov/MARC21/slim
http://www.loc.gov/standards/marcxml/schema/MARC21slim.xsd">
  <leader>01235pam  22003854a 45x0</leader>
  <controlfield tag="001">022746188</controlfield>
  <datafield tag="245" ind1="1" ind2="0">
    <subfield code="a">Langman&apos;s essential medical embryology /</subfield>
    <subfield code="c">T.W. Sadler.</subfield>
  </datafield>
  <datafield tag="500" ind1=" " ind2=" ">
    <subfield code="a">Abridgement containing new material of: Langman&apos;s medical embryology. 8th ed. / T.W. Sadler.</subfield>
    <subfield code="5">FU</subfield>
    <subfield code="5">FOFT</subfield>
    <subfield code="5">FTaSU</subfield>
  </datafield>
  <datafield tag="500" ind1=" " ind2=" ">
    <subfield code="a">Includes index.</subfield>
    <subfield code="5">FU</subfield>
    <subfield code="5">FOFT</subfield>
  </datafield>
</record>