

<record xmlns="http://www.loc.gov/MARC21/slim"
xmlns:xsi="http://www.w3.org/2001/XMLSchema-instance"
xsi:schemaLocation="http://www.loc.gov/MARC21/slim
http://www.loc.gov/standards/marcxml/schema/MARC21slim.xsd">
  <leader>     nam  22     uu 4500</leader>
  <controlfield tag="001">026704148</controlfield>
  <datafield tag="245" ind1="1" ind2="4">
    <subfield code="a">The Sanford guide to antimicrobial therapy /</subfield>
    <subfield code="c">Jay P. Sanford.</subfield>
  </datafield>
</record>