

<record xmlns="http://www.loc.gov/MARC21/slim"
xmlns:xsi="http://www.w3.org/2001/XMLSchema-instance"
xsi:schemaLocation="http://www.loc.gov/MARC21/slim
http://www.loc.gov/standards/marcxml/schema/MARC21slim.xsd">
  <leader>02172nam  22003252u 4500</leader>
  <controlfield tag="001">023057387</controlfield>
  <datafield tag="245" ind1="1" ind2="0">
    <subfield code="a">RNA Interference in Practice</subfield>
    <subfield code="h">[electronic resource] :</subfield>
    <subfield code="b">Principles, Basics, and Methods for Gene Silencing in C.elegans, Drosophila, and Mammals.</subfield>
  </datafield>
  <datafield tag="500" ind1=" " ind2=" ">
    <subfield code="a">Title from Wiley&apos;s title page (viewed Aug. 24, 2006).</subfield>
    <subfield code="5">FTaSU</subfield>
  </datafield>
  <datafield tag="500" ind1=" " ind2=" ">
    <subfield code="a">Made available through Wiley InterScience online books.</subfield>
    <subfield code="5">FTaSU</subfield>
  </datafield>
</record>