

<record xmlns="http://www.loc.gov/MARC21/slim"
xmlns:xsi="http://www.w3.org/2001/XMLSchema-instance"
xsi:schemaLocation="http://www.loc.gov/MARC21/slim
http://www.loc.gov/standards/marcxml/schema/MARC21slim.xsd">
  <leader>     cam  22003854a 4500</leader>
  <controlfield tag="001">027768374</controlfield>
  <datafield tag="245" ind1="1" ind2="0">
    <subfield code="a">Cope&apos;s early diagnosis of the acute abdomen</subfield>
    <subfield code="h">[electronic resource].</subfield>
  </datafield>
  <datafield tag="500" ind1=" " ind2=" ">
    <subfield code="a">Title from HTML title information screen (viewed on Apr. 14, 2006).</subfield>
    <subfield code="5">FTaSU</subfield>
  </datafield>
</record>