

<record xmlns="http://www.loc.gov/MARC21/slim"
xmlns:xsi="http://www.w3.org/2001/XMLSchema-instance"
xsi:schemaLocation="http://www.loc.gov/MARC21/slim
http://www.loc.gov/standards/marcxml/schema/MARC21slim.xsd">
  <leader>     cam  22005414a 4500</leader>
  <controlfield tag="001">023554749</controlfield>
  <datafield tag="245" ind1="1" ind2="0">
    <subfield code="a">Color atlas of pharmacology</subfield>
    <subfield code="h">[electronic resource] /</subfield>
    <subfield code="c">Heinz Lüllmann ... [et al.] ; with 170 color plates by Jürgen Wirth.</subfield>
  </datafield>
  <datafield tag="500" ind1=" " ind2=" ">
    <subfield code="a">Rev. and expanded translation of: Taschenatlas der Pharmakologie. 5th ed. c2004.</subfield>
    <subfield code="5">FTaSU</subfield>
  </datafield>
  <datafield tag="500" ind1=" " ind2=" ">
    <subfield code="a">Digitized and made available by Thieme.</subfield>
  </datafield>
  <datafield tag="500" ind1=" " ind2=" ">
    <subfield code="a">Description based on title screen (viewed Feb. 13, 2006).</subfield>
  </datafield>
</record>