

<record xmlns="http://www.loc.gov/MARC21/slim"
xmlns:xsi="http://www.w3.org/2001/XMLSchema-instance"
xsi:schemaLocation="http://www.loc.gov/MARC21/slim
http://www.loc.gov/standards/marcxml/schema/MARC21slim.xsd">
  <leader>     nam  2200409Ia 4500</leader>
  <controlfield tag="001">029209414</controlfield>
  <datafield tag="245" ind1="1" ind2="0">
    <subfield code="a">Proteins of the cerebrospinal fluid</subfield>
    <subfield code="h">[electronic resource] :</subfield>
    <subfield code="b">analysis and interpretation in the diagnosis and treatment of neurological disease /</subfield>
    <subfield code="c">Edward J. Thompson.</subfield>
  </datafield>
  <datafield tag="500" ind1=" " ind2=" ">
    <subfield code="a">Originally published as: The CSF proteins. 1988.</subfield>
    <subfield code="5">FTaSU</subfield>
  </datafield>
</record>