

<record xmlns="http://www.loc.gov/MARC21/slim"
xmlns:xsi="http://www.w3.org/2001/XMLSchema-instance"
xsi:schemaLocation="http://www.loc.gov/MARC21/slim
http://www.loc.gov/standards/marcxml/schema/MARC21slim.xsd">
  <leader>     cam  22004454a 4500</leader>
  <controlfield tag="001">021043424</controlfield>
  <datafield tag="245" ind1="1" ind2="0">
    <subfield code="a">Referenced review questions in molecular medicine /</subfield>
    <subfield code="c">Robert M. White, Sr., David W. Brown, Steven A. Williams.</subfield>
  </datafield>
  <datafield tag="590" ind1=" " ind2=" ">
    <subfield code="a">FGCU faculty author: David W. Brown.</subfield>
    <subfield code="5">FFmFGC</subfield>
  </datafield>
</record>