

<record xmlns="http://www.loc.gov/MARC21/slim"
xmlns:xsi="http://www.w3.org/2001/XMLSchema-instance"
xsi:schemaLocation="http://www.loc.gov/MARC21/slim
http://www.loc.gov/standards/marcxml/schema/MARC21slim.xsd">
  <leader>     cam  22008294a 4500</leader>
  <controlfield tag="001">030705411</controlfield>
  <datafield tag="245" ind1="0" ind2="0">
    <subfield code="a">Mood disorders</subfield>
    <subfield code="h">[electronic resource] :</subfield>
    <subfield code="b">clinical management and research issues /</subfield>
    <subfield code="c">editors, Eric J.L. Griez ... [et al.].</subfield>
  </datafield>
  <datafield tag="500" ind1=" " ind2=" ">
    <subfield code="a">Title from Wiley&apos;s title page (viewed Sep. 15, 2012).</subfield>
  </datafield>
</record>