

<record xmlns="http://www.loc.gov/MARC21/slim"
xmlns:xsi="http://www.w3.org/2001/XMLSchema-instance"
xsi:schemaLocation="http://www.loc.gov/MARC21/slim
http://www.loc.gov/standards/marcxml/schema/MARC21slim.xsd">
  <leader>     cas  2200373Ka 4500</leader>
  <controlfield tag="001">029679766</controlfield>
  <datafield tag="245" ind1="0" ind2="0">
    <subfield code="a">Heart failure clinics</subfield>
    <subfield code="h">[electronic resource].</subfield>
  </datafield>
  <datafield tag="500" ind1=" " ind2=" ">
    <subfield code="a">Each vol. has a distinctive title.</subfield>
  </datafield>
</record>