

<record xmlns="http://www.loc.gov/MARC21/slim"
xmlns:xsi="http://www.w3.org/2001/XMLSchema-instance"
xsi:schemaLocation="http://www.loc.gov/MARC21/slim
http://www.loc.gov/standards/marcxml/schema/MARC21slim.xsd">
  <leader>     cgm  22005054a 4500</leader>
  <controlfield tag="001">029293971</controlfield>
  <datafield tag="245" ind1="0" ind2="0">
    <subfield code="a">Biology and human behavior</subfield>
    <subfield code="h">[videorecording] :</subfield>
    <subfield code="b">the neurological origins of individuality /</subfield>
    <subfield code="c">The Teaching Company.</subfield>
  </datafield>
  <datafield tag="500" ind1=" " ind2=" ">
    <subfield code="a">Newly recorded and expanded update of course originally produced in 1998.</subfield>
  </datafield>
  <datafield tag="500" ind1=" " ind2=" ">
    <subfield code="a">Course guidebooks include a course outline, glossary, biographical notes, and bibliography.</subfield>
  </datafield>
</record>