

<record xmlns="http://www.loc.gov/MARC21/slim"
xmlns:xsi="http://www.w3.org/2001/XMLSchema-instance"
xsi:schemaLocation="http://www.loc.gov/MARC21/slim
http://www.loc.gov/standards/marcxml/schema/MARC21slim.xsd">
  <leader>     nam  22003614a 4500</leader>
  <controlfield tag="001">029031270</controlfield>
  <datafield tag="245" ind1="0" ind2="0">
    <subfield code="a">Robbins y Cotran :</subfield>
    <subfield code="b">patología estructural y funcional /</subfield>
    <subfield code="c">[editado por] Vinay Kumar, Abul K. Abbas, Nelson Fausto ; con ilustraciones de James A. Perkins.</subfield>
  </datafield>
  <datafield tag="500" ind1=" " ind2=" ">
    <subfield code="a">Traducción de: Robbins and Cotran pathologic basis of disease.</subfield>
    <subfield code="5">FTaSU</subfield>
  </datafield>
</record>