

<record xmlns="http://www.loc.gov/MARC21/slim"
xmlns:xsi="http://www.w3.org/2001/XMLSchema-instance"
xsi:schemaLocation="http://www.loc.gov/MARC21/slim
http://www.loc.gov/standards/marcxml/schema/MARC21slim.xsd">
  <leader>     nam a22     4a 4500</leader>
  <controlfield tag="001">027878045</controlfield>
  <datafield tag="245" ind1="0" ind2="0">
    <subfield code="a">Recent advances in histopathology /</subfield>
    <subfield code="c">edited by Massimo Pignatelli, James C. E. Underwood.</subfield>
    <subfield code="n">21</subfield>
  </datafield>
</record>