

<record xmlns="http://www.loc.gov/MARC21/slim"
xmlns:xsi="http://www.w3.org/2001/XMLSchema-instance"
xsi:schemaLocation="http://www.loc.gov/MARC21/slim
http://www.loc.gov/standards/marcxml/schema/MARC21slim.xsd">
  <leader>     cam  22003134a 4500</leader>
  <controlfield tag="001">027787154</controlfield>
  <datafield tag="245" ind1="0" ind2="0">
    <subfield code="a">Sabiston textbook of surgery board review.</subfield>
  </datafield>
  <datafield tag="500" ind1=" " ind2=" ">
    <subfield code="a">To be used with: Sabiston textbook of surgery. 17th ed. 2004.</subfield>
    <subfield code="5">FTaSU</subfield>
  </datafield>
  <datafield tag="500" ind1=" " ind2=" ">
    <subfield code="a">Rev. ed. of: Sabiston review of surgery. 3rd ed. 2001.</subfield>
    <subfield code="5">FTaSU</subfield>
  </datafield>
</record>