

<record xmlns="http://www.loc.gov/MARC21/slim"
xmlns:xsi="http://www.w3.org/2001/XMLSchema-instance"
xsi:schemaLocation="http://www.loc.gov/MARC21/slim
http://www.loc.gov/standards/marcxml/schema/MARC21slim.xsd">
  <leader>     nam  22003734a 4500</leader>
  <controlfield tag="001">027767432</controlfield>
  <datafield tag="245" ind1="0" ind2="0">
    <subfield code="a">Medical complications in pregnancy</subfield>
    <subfield code="h">[electronic resource] /</subfield>
    <subfield code="c">[edited by] Sabrina D. Craigo, Emily R. Baker.</subfield>
  </datafield>
  <datafield tag="500" ind1=" " ind2=" ">
    <subfield code="a">Title from HTML title information screen (viewed on June 20, 2006).</subfield>
    <subfield code="5">FTaSU</subfield>
  </datafield>
  <datafield tag="500" ind1=" " ind2=" ">
    <subfield code="a">Electronic book available through R2library.</subfield>
    <subfield code="5">FTaSU</subfield>
  </datafield>
</record>