

<record xmlns="http://www.loc.gov/MARC21/slim"
xmlns:xsi="http://www.w3.org/2001/XMLSchema-instance"
xsi:schemaLocation="http://www.loc.gov/MARC21/slim
http://www.loc.gov/standards/marcxml/schema/MARC21slim.xsd">
  <leader>     nam  22     uu 4500</leader>
  <controlfield tag="001">026666306</controlfield>
  <datafield tag="245" ind1="0" ind2="0">
    <subfield code="a">Diagnosis of diseases of the breast /</subfield>
    <subfield code="c">Lawrence W. Bassett ... [et al.].</subfield>
  </datafield>
</record>