

<record xmlns="http://www.loc.gov/MARC21/slim"
xmlns:xsi="http://www.w3.org/2001/XMLSchema-instance"
xsi:schemaLocation="http://www.loc.gov/MARC21/slim
http://www.loc.gov/standards/marcxml/schema/MARC21slim.xsd">
  <leader>     pam  22004454a 4500</leader>
  <controlfield tag="001">026666109</controlfield>
  <datafield tag="245" ind1="0" ind2="0">
    <subfield code="a">Pediatrics /</subfield>
    <subfield code="c">[edited by] Lucy M. Osborn ... [et al.] ; illustrated by Nadine Sokol.</subfield>
  </datafield>
</record>