

<record xmlns="http://www.loc.gov/MARC21/slim"
xmlns:xsi="http://www.w3.org/2001/XMLSchema-instance"
xsi:schemaLocation="http://www.loc.gov/MARC21/slim
http://www.loc.gov/standards/marcxml/schema/MARC21slim.xsd">
  <leader>     cam  22006014a 4500</leader>
  <controlfield tag="001">026158632</controlfield>
  <datafield tag="245" ind1="0" ind2="0">
    <subfield code="a">Family medicine :</subfield>
    <subfield code="b">ambulatory care &amp; prevention /</subfield>
    <subfield code="c">edited by Mark B. Mengel and L. Peter Schwiebert.</subfield>
  </datafield>
  <datafield tag="500" ind1=" " ind2=" ">
    <subfield code="a">Rev. ed. of: Ambulatory medicine. 3rd ed. c2001.</subfield>
    <subfield code="5">FTaSU</subfield>
  </datafield>
  <datafield tag="500" ind1=" " ind2=" ">
    <subfield code="a">Includes bibliographical references and index.</subfield>
    <subfield code="5">FTaSU</subfield>
  </datafield>
</record>