

<record xmlns="http://www.loc.gov/MARC21/slim"
xmlns:xsi="http://www.w3.org/2001/XMLSchema-instance"
xsi:schemaLocation="http://www.loc.gov/MARC21/slim
http://www.loc.gov/standards/marcxml/schema/MARC21slim.xsd">
  <leader>     cam  22005534a 4500</leader>
  <controlfield tag="001">024281212</controlfield>
  <datafield tag="245" ind1="0" ind2="0">
    <subfield code="a">Pancreatic cancer :</subfield>
    <subfield code="b">methods and protocols /</subfield>
    <subfield code="c">edited by Gloria H. Su.</subfield>
  </datafield>
</record>