

<record xmlns="http://www.loc.gov/MARC21/slim"
xmlns:xsi="http://www.w3.org/2001/XMLSchema-instance"
xsi:schemaLocation="http://www.loc.gov/MARC21/slim
http://www.loc.gov/standards/marcxml/schema/MARC21slim.xsd">
  <leader>     nam  22004214a 4500</leader>
  <controlfield tag="001">022860922</controlfield>
  <datafield tag="245" ind1="0" ind2="4">
    <subfield code="a">The Washington manual of surgery</subfield>
    <subfield code="h">[electronic resource] /</subfield>
    <subfield code="c">Department of Surgery, Washington University School of Medicine, St. Louis, Missouri ; Mary E. Klingensmith ... [et al.] ; foreword by Timothy J. Eberlein.</subfield>
  </datafield>
  <datafield tag="500" ind1=" " ind2=" ">
    <subfield code="a">Includes index.</subfield>
  </datafield>
  <datafield tag="500" ind1=" " ind2=" ">
    <subfield code="a">Title from the screen (viewed May 2005).</subfield>
  </datafield>
</record>