

<record xmlns="http://www.loc.gov/MARC21/slim"
xmlns:xsi="http://www.w3.org/2001/XMLSchema-instance"
xsi:schemaLocation="http://www.loc.gov/MARC21/slim
http://www.loc.gov/standards/marcxml/schema/MARC21slim.xsd">
  <leader>     cam a2200769Ia 4500</leader>
  <controlfield tag="001">022748891</controlfield>
  <datafield tag="245" ind1="0" ind2="0">
    <subfield code="a">Cummings otolaryngology head &amp; neck surgery /</subfield>
    <subfield code="c">[edited by] Charles W. Cummings [and others].</subfield>
  </datafield>
  <datafield tag="500" ind1=" " ind2=" ">
    <subfield code="a">Cover title.</subfield>
  </datafield>
  <datafield tag="500" ind1=" " ind2=" ">
    <subfield code="a">Revised edition of: Otolaryngology--head &amp; neck surgery. 3rd ed. c1998.</subfield>
  </datafield>
</record>