

<record xmlns="http://www.loc.gov/MARC21/slim"
xmlns:xsi="http://www.w3.org/2001/XMLSchema-instance"
xsi:schemaLocation="http://www.loc.gov/MARC21/slim
http://www.loc.gov/standards/marcxml/schema/MARC21slim.xsd">
  <leader>     nam  22003974a 4500</leader>
  <controlfield tag="001">022424594</controlfield>
  <datafield tag="245" ind1="0" ind2="0">
    <subfield code="a">Cancer, principles &amp; practice of oncology</subfield>
    <subfield code="h">[electronic resource] /</subfield>
    <subfield code="c">edited by Vincent T. DeVita Jr., Samuel Hellman, Steven A. Rosenberg ; with 355 contributing authors.</subfield>
  </datafield>
  <datafield tag="500" ind1=" " ind2=" ">
    <subfield code="a">Title from homepage (viewed Dec. 10, 2010).</subfield>
  </datafield>
</record>