

<record xmlns="http://www.loc.gov/MARC21/slim"
xmlns:xsi="http://www.w3.org/2001/XMLSchema-instance"
xsi:schemaLocation="http://www.loc.gov/MARC21/slim
http://www.loc.gov/standards/marcxml/schema/MARC21slim.xsd">
  <leader>02758cam  2200613Ia 4500</leader>
  <controlfield tag="001">021926353</controlfield>
  <datafield tag="245" ind1="0" ind2="0">
    <subfield code="a">Genotype-proteotype-phenotype relationships in neurodegenerative diseases</subfield>
    <subfield code="h">[electronic resource] /</subfield>
    <subfield code="c">J. Cummings ... [et al.] (eds.).</subfield>
  </datafield>
  <datafield tag="500" ind1=" " ind2=" ">
    <subfield code="a">&quot;Fondation IPSEN pour la recherche thérapeutique&quot;--Cover.</subfield>
    <subfield code="5">FMFIU</subfield>
    <subfield code="5">FOFT</subfield>
  </datafield>
  <datafield tag="500" ind1=" " ind2=" ">
    <subfield code="a">&quot;Fondation IPSEN pour la recherche thâerapeutique&quot;--Cover.</subfield>
    <subfield code="5">FU</subfield>
    <subfield code="5">FTS</subfield>
  </datafield>
</record>