

<record xmlns="http://www.loc.gov/MARC21/slim"
xmlns:xsi="http://www.w3.org/2001/XMLSchema-instance"
xsi:schemaLocation="http://www.loc.gov/MARC21/slim
http://www.loc.gov/standards/marcxml/schema/MARC21slim.xsd">
  <leader>     cam  22005774a 4500</leader>
  <controlfield tag="001">021116353</controlfield>
  <datafield tag="245" ind1="0" ind2="0">
    <subfield code="a">Protein-lipid interactions</subfield>
    <subfield code="h">[electronic resource] :</subfield>
    <subfield code="b">from membrane domains to cellular networks /</subfield>
    <subfield code="c">edited by Lukas K. Tamm.</subfield>
  </datafield>
  <datafield tag="500" ind1=" " ind2=" ">
    <subfield code="a">Title from Wiley&apos;s title page (viewed Feb.25, 2009).</subfield>
    <subfield code="5">FTaSU</subfield>
  </datafield>
</record>