

<record xmlns="http://www.loc.gov/MARC21/slim"
xmlns:xsi="http://www.w3.org/2001/XMLSchema-instance"
xsi:schemaLocation="http://www.loc.gov/MARC21/slim
http://www.loc.gov/standards/marcxml/schema/MARC21slim.xsd">
  <leader>01888cas a2200469 a 4500</leader>
  <controlfield tag="001">020427904</controlfield>
  <datafield tag="245" ind1="0" ind2="0">
    <subfield code="a">Nature clinical practice.</subfield>
    <subfield code="p">Endocrinology &amp; metabolism</subfield>
    <subfield code="h">[electronic resource].</subfield>
  </datafield>
  <datafield tag="500" ind1=" " ind2=" ">
    <subfield code="a">Title from journal table of contents page (Nature Publishing Group Web site, viewed Dec. 27, 2005).</subfield>
  </datafield>
  <datafield tag="500" ind1=" " ind2=" ">
    <subfield code="a">Latest issue consulted: Vol. 5, no. 2 (Feb. 2009) (viewed Feb. 18, 2009).</subfield>
    <subfield code="5">FMFIU</subfield>
    <subfield code="5">FTS</subfield>
  </datafield>
  <datafield tag="500" ind1=" " ind2=" ">
    <subfield code="a">Latest issue consulted: Vol. 5, no. 2 (Feb. 2009) (viewed Feb. 18, 2009).</subfield>
    <subfield code="5">FMFIU</subfield>
    <subfield code="5">FTS</subfield>
  </datafield>
  <datafield tag="500" ind1=" " ind2=" ">
    <subfield code="a">Title from journal table of contents page (Nature Publishing Group Web site, viewed Dec. 27, 2005).</subfield>
    <subfield code="5">FMFIU</subfield>
    <subfield code="5">FTS</subfield>
  </datafield>
  <datafield tag="500" ind1=" " ind2=" ">
    <subfield code="a">Title from journal table of contents page (Nature Publishing Group Web site, viewed Dec. 27, 2005).</subfield>
    <subfield code="5">FMFIU</subfield>
    <subfield code="5">FTS</subfield>
  </datafield>
</record>