

<record xmlns="http://www.loc.gov/MARC21/slim"
xmlns:xsi="http://www.w3.org/2001/XMLSchema-instance"
xsi:schemaLocation="http://www.loc.gov/MARC21/slim
http://www.loc.gov/standards/marcxml/schema/MARC21slim.xsd">
  <leader>     cam  22005774a 4500</leader>
  <controlfield tag="001">024057755</controlfield>
  <datafield tag="245" ind1="1" ind2="0">
    <subfield code="a">Basic immunology :</subfield>
    <subfield code="b">functions and disorders of the immune system /</subfield>
    <subfield code="c">Abul K. Abbas, Andrew H. Lichtman ; illustrated by David L. Baker and Alexandra Baker.</subfield>
  </datafield>
  <datafield tag="500" ind1=" " ind2=" ">
    <subfield code="a">Includes index.</subfield>
    <subfield code="5">FJUNF</subfield>
    <subfield code="5">FU</subfield>
  </datafield>
</record>