

<record xmlns="http://www.loc.gov/MARC21/slim"
xmlns:xsi="http://www.w3.org/2001/XMLSchema-instance"
xsi:schemaLocation="http://www.loc.gov/MARC21/slim
http://www.loc.gov/standards/marcxml/schema/MARC21slim.xsd">
  <leader>     cam  22005654a 4500</leader>
  <controlfield tag="001">026613440</controlfield>
  <datafield tag="245" ind1="1" ind2="0">
    <subfield code="a">Osteoporosis :</subfield>
    <subfield code="b">diagnosis, prevention, therapy : a practical guide for all physicians--from pediatrics to geriatrics /</subfield>
    <subfield code="c">Reiner Bartl, Bertha Frisch.</subfield>
  </datafield>
</record>