

<record xmlns="http://www.loc.gov/MARC21/slim"
xmlns:xsi="http://www.w3.org/2001/XMLSchema-instance"
xsi:schemaLocation="http://www.loc.gov/MARC21/slim
http://www.loc.gov/standards/marcxml/schema/MARC21slim.xsd">
  <leader>00000nam  2200373u  4500</leader>
  <controlfield tag="001">026284481</controlfield>
  <datafield tag="245" ind1="1" ind2="0">
    <subfield code="a">Basic &amp; clinical endocrinology/</subfield>
    <subfield code="h">[electronic resource]</subfield>
    <subfield code="c">edited by Francis S. Greenspan, David G. Gardner.</subfield>
  </datafield>
  <datafield tag="500" ind1=" " ind2=" ">
    <subfield code="a">Title from the screen (viewed Jan. 26, 2005).</subfield>
  </datafield>
</record>