

<record xmlns="http://www.loc.gov/MARC21/slim"
xmlns:xsi="http://www.w3.org/2001/XMLSchema-instance"
xsi:schemaLocation="http://www.loc.gov/MARC21/slim
http://www.loc.gov/standards/marcxml/schema/MARC21slim.xsd">
  <leader>     cam a2200673Ka 4500</leader>
  <controlfield tag="001">027915210</controlfield>
  <datafield tag="245" ind1="1" ind2="0">
    <subfield code="a">Clinical tests for the musculoskeletal system :</subfield>
    <subfield code="b">examination, signs, phenomena /</subfield>
    <subfield code="c">Klaus Buckup.</subfield>
  </datafield>
  <datafield tag="500" ind1=" " ind2=" ">
    <subfield code="a">Includes index.</subfield>
  </datafield>
  <datafield tag="500" ind1=" " ind2=" ">
    <subfield code="a">Title from the screen (viewed Aug. 25, 2004).</subfield>
  </datafield>
</record>