

<record xmlns="http://www.loc.gov/MARC21/slim"
xmlns:xsi="http://www.w3.org/2001/XMLSchema-instance"
xsi:schemaLocation="http://www.loc.gov/MARC21/slim
http://www.loc.gov/standards/marcxml/schema/MARC21slim.xsd">
  <leader>     cgm  22003734a 4500</leader>
  <controlfield tag="001">029264259</controlfield>
  <datafield tag="245" ind1="1" ind2="0">
    <subfield code="a">Introduction to Judaism</subfield>
    <subfield code="h">[videorecording] /</subfield>
    <subfield code="c">Shai Cherry.</subfield>
  </datafield>
  <datafield tag="500" ind1=" " ind2=" ">
    <subfield code="a">Course nos. 4621 and 6422 on booklets; Course no. 6423 on discs.</subfield>
    <subfield code="5">FTaSU</subfield>
  </datafield>
</record>