

<record xmlns="http://www.loc.gov/MARC21/slim"
xmlns:xsi="http://www.w3.org/2001/XMLSchema-instance"
xsi:schemaLocation="http://www.loc.gov/MARC21/slim
http://www.loc.gov/standards/marcxml/schema/MARC21slim.xsd">
  <leader>     cgm  2200745Ia 4500</leader>
  <controlfield tag="001">023507344</controlfield>
  <datafield tag="245" ind1="1" ind2="0">
    <subfield code="a">Cocoon</subfield>
    <subfield code="h">[videorecording] /</subfield>
    <subfield code="c">20th Century Fox ; a Zanuck/Brown production ; a Ron Howard Film.</subfield>
  </datafield>
  <datafield tag="500" ind1=" " ind2=" ">
    <subfield code="a">Originally produced as a motion picture in 1985.</subfield>
  </datafield>
  <datafield tag="500" ind1=" " ind2=" ">
    <subfield code="a">&quot;Full screen version modified from its original theatrical version. This version has been formatted to fit your screen&quot;--Container.</subfield>
  </datafield>
  <datafield tag="500" ind1=" " ind2=" ">
    <subfield code="a">&quot;Widescreen version presented in a letterbox widescreen format preserving the aspect ratio of its original theatrical exhibition&quot;--Container.</subfield>
  </datafield>
  <datafield tag="500" ind1=" " ind2=" ">
    <subfield code="a">Special features: commentary by director Ron Howard; Behind-the-scenes featurette; Ron Howard profile; underwater training; actors; Creating Antareans; TV spots; theatrical teaser; scene selection.</subfield>
    <subfield code="5">FTaSU</subfield>
  </datafield>
</record>