

<record xmlns="http://www.loc.gov/MARC21/slim"
xmlns:xsi="http://www.w3.org/2001/XMLSchema-instance"
xsi:schemaLocation="http://www.loc.gov/MARC21/slim
http://www.loc.gov/standards/marcxml/schema/MARC21slim.xsd">
  <leader>     cam  2200721Ia 4500</leader>
  <controlfield tag="001">028831081</controlfield>
  <datafield tag="245" ind1="1" ind2="0">
    <subfield code="a">Basic &amp; clinical biostatistics</subfield>
    <subfield code="h">[electronic resource] /</subfield>
    <subfield code="c">Beth Dawson, Robert G. Trapp.</subfield>
  </datafield>
  <datafield tag="500" ind1=" " ind2=" ">
    <subfield code="a">Titles from cover image and table of contents, viewed on August 17, 2007.</subfield>
    <subfield code="5">FTS</subfield>
  </datafield>
  <datafield tag="500" ind1=" " ind2=" ">
    <subfield code="a">Online version contains &quot;Take interactive self-assessment&quot;.</subfield>
    <subfield code="5">FTS</subfield>
  </datafield>
  <datafield tag="500" ind1=" " ind2=" ">
    <subfield code="a">Online version includes glossary.</subfield>
    <subfield code="5">FTS</subfield>
  </datafield>
</record>