

<record xmlns="http://www.loc.gov/MARC21/slim"
xmlns:xsi="http://www.w3.org/2001/XMLSchema-instance"
xsi:schemaLocation="http://www.loc.gov/MARC21/slim
http://www.loc.gov/standards/marcxml/schema/MARC21slim.xsd">
  <leader>     cam  22006494a 4500</leader>
  <controlfield tag="001">026664081</controlfield>
  <datafield tag="245" ind1="1" ind2="0">
    <subfield code="a">Orthopaedic examination, evaluation, and intervention /</subfield>
    <subfield code="c">Mark Dutton.</subfield>
  </datafield>
</record>