

<record xmlns="http://www.loc.gov/MARC21/slim"
xmlns:xsi="http://www.w3.org/2001/XMLSchema-instance"
xsi:schemaLocation="http://www.loc.gov/MARC21/slim
http://www.loc.gov/standards/marcxml/schema/MARC21slim.xsd">
  <leader>03414cas a2200781Ia 4500</leader>
  <controlfield tag="001">020686422</controlfield>
  <datafield tag="245" ind1="1" ind2="0">
    <subfield code="a">Evidence-based healthcare &amp; public health</subfield>
    <subfield code="h">[electronic resource].</subfield>
  </datafield>
  <datafield tag="500" ind1=" " ind2=" ">
    <subfield code="a">Title from publisher&apos;s statement page on the World Wide Web (publisher&apos;s Web site, viewed Dec. 3, 2004).</subfield>
  </datafield>
  <datafield tag="500" ind1=" " ind2=" ">
    <subfield code="a">Title from publisher&apos;s statement page on the World Wide Web (publisher&apos;s Web site, viewed Dec. 3, 2004).</subfield>
    <subfield code="5">FBoU</subfield>
  </datafield>
</record>