

<record xmlns="http://www.loc.gov/MARC21/slim"
xmlns:xsi="http://www.w3.org/2001/XMLSchema-instance"
xsi:schemaLocation="http://www.loc.gov/MARC21/slim
http://www.loc.gov/standards/marcxml/schema/MARC21slim.xsd">
  <leader>03563nam  22005654a 4500</leader>
  <controlfield tag="001">020260308</controlfield>
  <datafield tag="245" ind1="1" ind2="4">
    <subfield code="a">The human body</subfield>
    <subfield code="h">[electronic resource] :</subfield>
    <subfield code="b">an introduction to structure and function /</subfield>
    <subfield code="c">Adolf Faller, Michael Schünke, Gabriele Schünke ; translated by Oliver French ; edited by Ethan Taub.</subfield>
  </datafield>
  <datafield tag="500" ind1=" " ind2=" ">
    <subfield code="a">Specialty: Physiology.</subfield>
    <subfield code="5">FBoU</subfield>
  </datafield>
  <datafield tag="500" ind1=" " ind2=" ">
    <subfield code="a">Includes index.</subfield>
    <subfield code="5">FU</subfield>
    <subfield code="5">FTaSU</subfield>
  </datafield>
  <datafield tag="500" ind1=" " ind2=" ">
    <subfield code="a">Made available through: Thieme ElectronicBook Library.</subfield>
    <subfield code="5">FMFIU</subfield>
    <subfield code="5">FBoU</subfield>
  </datafield>
  <datafield tag="500" ind1=" " ind2=" ">
    <subfield code="a">Source of title; title from title page.</subfield>
    <subfield code="5">FU</subfield>
  </datafield>
  <datafield tag="500" ind1=" " ind2=" ">
    <subfield code="a">Source of title; title from title page (viewed Aug. 30, 2006).</subfield>
    <subfield code="5">FTaSU</subfield>
  </datafield>
</record>