

<record xmlns="http://www.loc.gov/MARC21/slim"
xmlns:xsi="http://www.w3.org/2001/XMLSchema-instance"
xsi:schemaLocation="http://www.loc.gov/MARC21/slim
http://www.loc.gov/standards/marcxml/schema/MARC21slim.xsd">
  <leader>00000nam  22002174  4500</leader>
  <controlfield tag="001">021430801</controlfield>
  <datafield tag="245" ind1="1" ind2="0">
    <subfield code="a">Clinical microbiology made ridiculously simple /</subfield>
    <subfield code="c">Mark Gladwin, Bill Trattler.</subfield>
  </datafield>
</record>