

<record xmlns="http://www.loc.gov/MARC21/slim"
xmlns:xsi="http://www.w3.org/2001/XMLSchema-instance"
xsi:schemaLocation="http://www.loc.gov/MARC21/slim
http://www.loc.gov/standards/marcxml/schema/MARC21slim.xsd">
  <leader>     ngm a22     4a 4500</leader>
  <controlfield tag="001">029264872</controlfield>
  <datafield tag="245" ind1="1" ind2="0">
    <subfield code="a">Understanding the human body</subfield>
    <subfield code="h">[videorecording] :</subfield>
    <subfield code="b">an introduction to anatomy &amp; physiology /</subfield>
    <subfield code="c">taught by Anthony A. Goodman.</subfield>
  </datafield>
  <datafield tag="500" ind1=" " ind2=" ">
    <subfield code="a">DVD</subfield>
    <subfield code="5">FTaSU</subfield>
  </datafield>
</record>