

<record xmlns="http://www.loc.gov/MARC21/slim"
xmlns:xsi="http://www.w3.org/2001/XMLSchema-instance"
xsi:schemaLocation="http://www.loc.gov/MARC21/slim
http://www.loc.gov/standards/marcxml/schema/MARC21slim.xsd">
  <leader>     cas  2200565 a 4500</leader>
  <controlfield tag="001">025867845</controlfield>
  <datafield tag="245" ind1="1" ind2="4">
    <subfield code="a">The journal of men&apos;s health &amp; gender</subfield>
    <subfield code="h">[electronic resource]</subfield>
  </datafield>
  <datafield tag="500" ind1=" " ind2=" ">
    <subfield code="a">Title from journal homepage screen (ScienceDirect, viewed on Oct. 2, 2006).</subfield>
    <subfield code="5">FOFT</subfield>
  </datafield>
  <datafield tag="500" ind1=" " ind2=" ">
    <subfield code="a">Title from issue table of contents (ScienceDirect, viewed May 25, 2005).</subfield>
    <subfield code="5">FBoU</subfield>
    <subfield code="5">FMFIU</subfield>
  </datafield>
  <datafield tag="500" ind1=" " ind2=" ">
    <subfield code="a">Latest issue consulted: Vol. 2, issue 1 (Mar. 2005) (viewed May 25, 2005).</subfield>
    <subfield code="5">FBoU</subfield>
    <subfield code="5">FMFIU</subfield>
  </datafield>
</record>