

<record xmlns="http://www.loc.gov/MARC21/slim"
xmlns:xsi="http://www.w3.org/2001/XMLSchema-instance"
xsi:schemaLocation="http://www.loc.gov/MARC21/slim
http://www.loc.gov/standards/marcxml/schema/MARC21slim.xsd">
  <leader>03486nam  22005294a 4500</leader>
  <controlfield tag="001">020259616</controlfield>
  <datafield tag="245" ind1="1" ind2="0">
    <subfield code="a">Neurology</subfield>
    <subfield code="h">[electronic resource] /</subfield>
    <subfield code="c">Mark Mumenthaler, Heinrich Mattle ; translated and adapted by Ethan Taub.</subfield>
  </datafield>
  <datafield tag="500" ind1=" " ind2=" ">
    <subfield code="a">Source of title; title from title page (viewed Aug. 30, 2006).</subfield>
    <subfield code="5">FTaSU</subfield>
  </datafield>
  <datafield tag="500" ind1=" " ind2=" ">
    <subfield code="a">Made available through: Thieme ElectronicBook Library.</subfield>
    <subfield code="5">FMFIU</subfield>
  </datafield>
  <datafield tag="500" ind1=" " ind2=" ">
    <subfield code="a">Source of title; title from title page.</subfield>
    <subfield code="5">FU</subfield>
  </datafield>
</record>