

<record xmlns="http://www.loc.gov/MARC21/slim"
xmlns:xsi="http://www.w3.org/2001/XMLSchema-instance"
xsi:schemaLocation="http://www.loc.gov/MARC21/slim
http://www.loc.gov/standards/marcxml/schema/MARC21slim.xsd">
  <leader>00000nam  2200349u  4500</leader>
  <controlfield tag="001">026292838</controlfield>
  <datafield tag="245" ind1="1" ind2="0">
    <subfield code="a">Oxford textbook of rheumatology /</subfield>
    <subfield code="h">[electronic resource]</subfield>
    <subfield code="c">edited by David A. Isenberg ...[et al.].</subfield>
  </datafield>
  <datafield tag="500" ind1=" " ind2=" ">
    <subfield code="a">Cancelled access 4/21/2006.</subfield>
    <subfield code="5">FTaSU</subfield>
  </datafield>
</record>