

<record xmlns="http://www.loc.gov/MARC21/slim"
xmlns:xsi="http://www.w3.org/2001/XMLSchema-instance"
xsi:schemaLocation="http://www.loc.gov/MARC21/slim
http://www.loc.gov/standards/marcxml/schema/MARC21slim.xsd">
  <leader>     pam  22004814a 4500</leader>
  <controlfield tag="001">026656823</controlfield>
  <datafield tag="245" ind1="1" ind2="0">
    <subfield code="a">Clinical protocols in pediatric and adolescent gynecology /</subfield>
    <subfield code="c">Sally E. Perlman, Steven T. Nakajima, and S. Paige Hertweck.</subfield>
  </datafield>
</record>