

<record xmlns="http://www.loc.gov/MARC21/slim"
xmlns:xsi="http://www.w3.org/2001/XMLSchema-instance"
xsi:schemaLocation="http://www.loc.gov/MARC21/slim
http://www.loc.gov/standards/marcxml/schema/MARC21slim.xsd">
  <leader>03137nam  22005054a 4500</leader>
  <controlfield tag="001">020259067</controlfield>
  <datafield tag="245" ind1="1" ind2="0">
    <subfield code="a">Color atlas of pathology</subfield>
    <subfield code="h">[electronic resource] :</subfield>
    <subfield code="b">pathologic principles, associated diseases, sequela /</subfield>
    <subfield code="c">Ursus-Nikolaus Riede, Martin Werner ; [translated by John Grossman and Carole Cürten].</subfield>
  </datafield>
  <datafield tag="500" ind1=" " ind2=" ">
    <subfield code="a">Title from title page (viewed Aug. 29, 2006).</subfield>
    <subfield code="5">FTaSU</subfield>
  </datafield>
  <datafield tag="500" ind1=" " ind2=" ">
    <subfield code="a">Includes index.</subfield>
    <subfield code="5">FTaSU</subfield>
  </datafield>
  <datafield tag="500" ind1=" " ind2=" ">
    <subfield code="a">Made available through: Thieme ElectronicBook Library.</subfield>
    <subfield code="5">FMFIU</subfield>
    <subfield code="5">FBoU</subfield>
  </datafield>
  <datafield tag="500" ind1=" " ind2=" ">
    <subfield code="a">Specialty: Pathology.</subfield>
    <subfield code="5">FBoU</subfield>
  </datafield>
</record>