

<record xmlns="http://www.loc.gov/MARC21/slim"
xmlns:xsi="http://www.w3.org/2001/XMLSchema-instance"
xsi:schemaLocation="http://www.loc.gov/MARC21/slim
http://www.loc.gov/standards/marcxml/schema/MARC21slim.xsd">
  <leader>01048cam  22003614a 4500</leader>
  <controlfield tag="001">021508263</controlfield>
  <datafield tag="245" ind1="0" ind2="0">
    <subfield code="a">Smith&apos;s general urology /</subfield>
    <subfield code="c">edited by Emil A. Tanagho, Jack W. McAninch.</subfield>
  </datafield>
</record>