

<record xmlns="http://www.loc.gov/MARC21/slim"
xmlns:xsi="http://www.w3.org/2001/XMLSchema-instance"
xsi:schemaLocation="http://www.loc.gov/MARC21/slim
http://www.loc.gov/standards/marcxml/schema/MARC21slim.xsd">
  <leader>00000nam  2200217u  4500</leader>
  <controlfield tag="001">022603112</controlfield>
  <datafield tag="245" ind1="1" ind2="0">
    <subfield code="a">Physician &amp; hospital services directory</subfield>
    <subfield code="f">2004.</subfield>
  </datafield>
  <datafield tag="500" ind1=" " ind2=" ">
    <subfield code="a">Physician pictorial directory</subfield>
  </datafield>
</record>