

<record xmlns="http://www.loc.gov/MARC21/slim"
xmlns:xsi="http://www.w3.org/2001/XMLSchema-instance"
xsi:schemaLocation="http://www.loc.gov/MARC21/slim
http://www.loc.gov/standards/marcxml/schema/MARC21slim.xsd">
  <leader>     cam  22003974a 4500</leader>
  <controlfield tag="001">022887816</controlfield>
  <datafield tag="245" ind1="1" ind2="0">
    <subfield code="a">Wintrobe&apos;s clinical hematology</subfield>
    <subfield code="h">[electronic resource] /</subfield>
    <subfield code="c">[edited by] John P. Greer ... [et al.].</subfield>
  </datafield>
</record>