

<record xmlns="http://www.loc.gov/MARC21/slim"
xmlns:xsi="http://www.w3.org/2001/XMLSchema-instance"
xsi:schemaLocation="http://www.loc.gov/MARC21/slim
http://www.loc.gov/standards/marcxml/schema/MARC21slim.xsd">
  <leader>     cam  22003854a 4500</leader>
  <controlfield tag="001">020723060</controlfield>
  <datafield tag="245" ind1="1" ind2="0">
    <subfield code="a">Atlas of primary care procedures</subfield>
    <subfield code="h">[electronic resource] /</subfield>
    <subfield code="c">Thomas J. Zuber, E.J. Mayeaux, Jr. ; illustrated by Wendy Beth Jackelow, Patricia Gast, and Laura Pardi Duprey.</subfield>
  </datafield>
  <datafield tag="500" ind1=" " ind2=" ">
    <subfield code="a">Title from Ovid&apos;s title page (viewed June 2006).</subfield>
    <subfield code="5">FTaSU</subfield>
  </datafield>
</record>