

<record xmlns="http://www.loc.gov/MARC21/slim"
xmlns:xsi="http://www.w3.org/2001/XMLSchema-instance"
xsi:schemaLocation="http://www.loc.gov/MARC21/slim
http://www.loc.gov/standards/marcxml/schema/MARC21slim.xsd">
  <leader>     cam  22006494a 4500</leader>
  <controlfield tag="001">033608426</controlfield>
  <datafield tag="245" ind1="0" ind2="0">
    <subfield code="a">Tutorials in biostatistics</subfield>
    <subfield code="h">[electronics resource] /</subfield>
    <subfield code="c">edited by R.B. D&apos;Agostino.</subfield>
  </datafield>
</record>