

<record xmlns="http://www.loc.gov/MARC21/slim"
xmlns:xsi="http://www.w3.org/2001/XMLSchema-instance"
xsi:schemaLocation="http://www.loc.gov/MARC21/slim
http://www.loc.gov/standards/marcxml/schema/MARC21slim.xsd">
  <leader>     cam  22004094a 4500</leader>
  <controlfield tag="001">027914335</controlfield>
  <datafield tag="245" ind1="0" ind2="0">
    <subfield code="a">When cells die II</subfield>
    <subfield code="h">[electronic resource] :</subfield>
    <subfield code="b">a comprehensive evaluation of apoptosis and programmed cell death /</subfield>
    <subfield code="c">edited by Richard A. Lockshin, Zahra Zakeri.</subfield>
  </datafield>
  <datafield tag="500" ind1=" " ind2=" ">
    <subfield code="a">Title from Wiley&apos;s title page ( viewed Aug.25, 2006).</subfield>
  </datafield>
</record>