

<record xmlns="http://www.loc.gov/MARC21/slim"
xmlns:xsi="http://www.w3.org/2001/XMLSchema-instance"
xsi:schemaLocation="http://www.loc.gov/MARC21/slim
http://www.loc.gov/standards/marcxml/schema/MARC21slim.xsd">
  <leader>     cam  2200841Ia 4500</leader>
  <controlfield tag="001">027906443</controlfield>
  <datafield tag="245" ind1="0" ind2="0">
    <subfield code="a">Neuroprotection</subfield>
    <subfield code="h">[electronic resource] :</subfield>
    <subfield code="b">models, mechanisms, and therapies /</subfield>
    <subfield code="c">edited by Mathias Bähr.</subfield>
  </datafield>
  <datafield tag="500" ind1=" " ind2=" ">
    <subfield code="a">Title from Wiley&apos;s title page (viewed aug. 22, 2006).</subfield>
  </datafield>
</record>