

<record xmlns="http://www.loc.gov/MARC21/slim"
xmlns:xsi="http://www.w3.org/2001/XMLSchema-instance"
xsi:schemaLocation="http://www.loc.gov/MARC21/slim
http://www.loc.gov/standards/marcxml/schema/MARC21slim.xsd">
  <leader>     nam  22004574a 4500</leader>
  <controlfield tag="001">027906075</controlfield>
  <datafield tag="245" ind1="0" ind2="0">
    <subfield code="a">Molecular cancer therapeutics</subfield>
    <subfield code="h">[electronic resource] :</subfield>
    <subfield code="b">strategies for drug discovery and development /</subfield>
    <subfield code="c">edited by George C. Prendergast.</subfield>
  </datafield>
  <datafield tag="500" ind1=" " ind2=" ">
    <subfield code="a">Title from Wiley&apos;s title page (viewed Aug 22, 2006).</subfield>
  </datafield>
</record>