

<record xmlns="http://www.loc.gov/MARC21/slim"
xmlns:xsi="http://www.w3.org/2001/XMLSchema-instance"
xsi:schemaLocation="http://www.loc.gov/MARC21/slim
http://www.loc.gov/standards/marcxml/schema/MARC21slim.xsd">
  <leader>     cam  2200877Ma 4500</leader>
  <controlfield tag="001">027897708</controlfield>
  <datafield tag="245" ind1="0" ind2="0">
    <subfield code="a">Microbial functional genomics</subfield>
    <subfield code="h">[electronic resource] /</subfield>
    <subfield code="c">Jizhong Zhou ... [et al.].</subfield>
  </datafield>
  <datafield tag="500" ind1=" " ind2=" ">
    <subfield code="a">Title from Wiley&apos;s title page (viewed Aug. 17, 2006).</subfield>
  </datafield>
</record>