

<record xmlns="http://www.loc.gov/MARC21/slim"
xmlns:xsi="http://www.w3.org/2001/XMLSchema-instance"
xsi:schemaLocation="http://www.loc.gov/MARC21/slim
http://www.loc.gov/standards/marcxml/schema/MARC21slim.xsd">
  <leader>01258nam  2200301Ia 4500</leader>
  <controlfield tag="001">027893598</controlfield>
  <datafield tag="245" ind1="0" ind2="0">
    <subfield code="a">Functional metabolism</subfield>
    <subfield code="h">[electronic resource] :</subfield>
    <subfield code="b">regulation and adaptation /</subfield>
    <subfield code="c">edited by Kenneth B. Storey.</subfield>
  </datafield>
  <datafield tag="500" ind1=" " ind2=" ">
    <subfield code="a">Title from title page (viewed Aug. 16, 2006).</subfield>
    <subfield code="5">FTaSU</subfield>
  </datafield>
</record>