

<record xmlns="http://www.loc.gov/MARC21/slim"
xmlns:xsi="http://www.w3.org/2001/XMLSchema-instance"
xsi:schemaLocation="http://www.loc.gov/MARC21/slim
http://www.loc.gov/standards/marcxml/schema/MARC21slim.xsd">
  <leader>     cam  22005654a 4500</leader>
  <controlfield tag="001">027889153</controlfield>
  <datafield tag="245" ind1="0" ind2="0">
    <subfield code="a">Cell cycle and growth control</subfield>
    <subfield code="h">[electronic resource] :</subfield>
    <subfield code="b">biomolecular regulation and cancer /</subfield>
    <subfield code="c">edited by Gary S. Stein, Arthur B. Pardee.</subfield>
  </datafield>
  <datafield tag="500" ind1=" " ind2=" ">
    <subfield code="a">Rev. ed. of: The molecular basis of cell cycle and growth control. c1999.</subfield>
    <subfield code="5">FTaSU</subfield>
  </datafield>
  <datafield tag="500" ind1=" " ind2=" ">
    <subfield code="a">Title from Wiley&apos;s site (viewed Aug. 15, 2006).</subfield>
    <subfield code="5">FTaSU</subfield>
  </datafield>
</record>