

<record xmlns="http://www.loc.gov/MARC21/slim"
xmlns:xsi="http://www.w3.org/2001/XMLSchema-instance"
xsi:schemaLocation="http://www.loc.gov/MARC21/slim
http://www.loc.gov/standards/marcxml/schema/MARC21slim.xsd">
  <leader>     cam a2200649Ka 4500</leader>
  <controlfield tag="001">027695391</controlfield>
  <datafield tag="245" ind1="0" ind2="0">
    <subfield code="a">Current emergency diagnosis &amp; treatment /</subfield>
    <subfield code="c">edited by C. Keith Stone, Roger Humphries.</subfield>
  </datafield>
  <datafield tag="500" ind1=" " ind2=" ">
    <subfield code="a">Title from contents page (viewed on April 28, 2006).</subfield>
  </datafield>
  <datafield tag="500" ind1=" " ind2=" ">
    <subfield code="a">Made available via McGraw-Hill&apos;s AccessMedicine.</subfield>
  </datafield>
</record>