

<record xmlns="http://www.loc.gov/MARC21/slim"
xmlns:xsi="http://www.w3.org/2001/XMLSchema-instance"
xsi:schemaLocation="http://www.loc.gov/MARC21/slim
http://www.loc.gov/standards/marcxml/schema/MARC21slim.xsd">
  <leader>     cam  22005174a 4500</leader>
  <controlfield tag="001">026666463</controlfield>
  <datafield tag="245" ind1="0" ind2="0">
    <subfield code="a">Heart failure :</subfield>
    <subfield code="b">a companion to Braunwald&apos;s Heart disease /</subfield>
    <subfield code="c">[edited by] Douglas L. Mann.</subfield>
  </datafield>
  <datafield tag="500" ind1=" " ind2=" ">
    <subfield code="a">Companion v. to: Heart disease / edited by Eugene Braunwald. 6th ed. c2001.</subfield>
  </datafield>
</record>