

<record xmlns="http://www.loc.gov/MARC21/slim"
xmlns:xsi="http://www.w3.org/2001/XMLSchema-instance"
xsi:schemaLocation="http://www.loc.gov/MARC21/slim
http://www.loc.gov/standards/marcxml/schema/MARC21slim.xsd">
  <leader>     cam  22005054a 4500</leader>
  <controlfield tag="001">026666331</controlfield>
  <datafield tag="245" ind1="0" ind2="0">
    <subfield code="a">Clinical cardiovascular imaging :</subfield>
    <subfield code="b">a companion to Braunwald&apos;s Heart disease /</subfield>
    <subfield code="c">[edited by] Martin G. St. John Sutton, John D. Rutherford.</subfield>
  </datafield>
</record>