

<record xmlns="http://www.loc.gov/MARC21/slim"
xmlns:xsi="http://www.w3.org/2001/XMLSchema-instance"
xsi:schemaLocation="http://www.loc.gov/MARC21/slim
http://www.loc.gov/standards/marcxml/schema/MARC21slim.xsd">
  <leader>     cam  22005654a 4500</leader>
  <controlfield tag="001">026623067</controlfield>
  <datafield tag="245" ind1="0" ind2="0">
    <subfield code="a">Primary care for women /</subfield>
    <subfield code="c">edited by Phyllis C. Leppert, Jeffrey F. Peipert.</subfield>
  </datafield>
</record>