

<record xmlns="http://www.loc.gov/MARC21/slim"
xmlns:xsi="http://www.w3.org/2001/XMLSchema-instance"
xsi:schemaLocation="http://www.loc.gov/MARC21/slim
http://www.loc.gov/standards/marcxml/schema/MARC21slim.xsd">
  <leader>00000nam  22003014  4500</leader>
  <controlfield tag="001">026132920</controlfield>
  <datafield tag="245" ind1="0" ind2="0">
    <subfield code="a">2005 ICD-9-CM expert for physicians, volumes 1 &amp; 2:</subfield>
    <subfield code="b">International classification of diseases, 9th revison, clinical modification /</subfield>
    <subfield code="c">edited by Anita C. Hart, Catherine A. Hopkins.</subfield>
  </datafield>
  <datafield tag="500" ind1=" " ind2=" ">
    <subfield code="a">&quot;Codes valid October 1, 2004, through September 30, 2005.&quot;</subfield>
    <subfield code="5">FTaSU</subfield>
  </datafield>
  <datafield tag="500" ind1=" " ind2=" ">
    <subfield code="a">Includes indexes.</subfield>
    <subfield code="5">FTaSU</subfield>
  </datafield>
</record>