

<record xmlns="http://www.loc.gov/MARC21/slim"
xmlns:xsi="http://www.w3.org/2001/XMLSchema-instance"
xsi:schemaLocation="http://www.loc.gov/MARC21/slim
http://www.loc.gov/standards/marcxml/schema/MARC21slim.xsd">
  <leader>     cms  2200421Ma 4500</leader>
  <controlfield tag="001">024832012</controlfield>
  <datafield tag="245" ind1="0" ind2="0">
    <subfield code="a">Skandalakis&apos; Surgical anatomy</subfield>
    <subfield code="h">[electronic resource] :</subfield>
    <subfield code="b">the embryologic and anatomic basis of modern surgery /</subfield>
    <subfield code="c">editor in chief, John E. Skandalakis ; associate editors, Gene L. Colborn ... [et al.].</subfield>
  </datafield>
</record>