

<record xmlns="http://www.loc.gov/MARC21/slim"
xmlns:xsi="http://www.w3.org/2001/XMLSchema-instance"
xsi:schemaLocation="http://www.loc.gov/MARC21/slim
http://www.loc.gov/standards/marcxml/schema/MARC21slim.xsd">
  <leader>00000nam  22003734  4500</leader>
  <controlfield tag="001">024320840</controlfield>
  <datafield tag="245" ind1="0" ind2="4">
    <subfield code="a">The prokaryotes</subfield>
    <subfield code="h">[electronic resource] :</subfield>
    <subfield code="b">an evolving electronic resource for the microbiological community.</subfield>
  </datafield>
  <datafield tag="500" ind1=" " ind2=" ">
    <subfield code="a">Title from the the screen as viewed on 08-27-04.</subfield>
    <subfield code="5">FTS</subfield>
  </datafield>
  <datafield tag="500" ind1=" " ind2=" ">
    <subfield code="a">Editor-in-chief:Martin Dworkin.</subfield>
  </datafield>
  <datafield tag="500" ind1=" " ind2=" ">
    <subfield code="a">The first electronic edition revises, updates, and expands the second print edition of :The prokaryotes; Springer-Verlag, 1992.</subfield>
  </datafield>
</record>