

<record xmlns="http://www.loc.gov/MARC21/slim"
xmlns:xsi="http://www.w3.org/2001/XMLSchema-instance"
xsi:schemaLocation="http://www.loc.gov/MARC21/slim
http://www.loc.gov/standards/marcxml/schema/MARC21slim.xsd">
  <leader>00000nam  22002774  4500</leader>
  <controlfield tag="001">024304776</controlfield>
  <datafield tag="245" ind1="0" ind2="0">
    <subfield code="a">Practical management of dementia :</subfield>
    <subfield code="b">a multi-professional approach /</subfield>
    <subfield code="c">edited by Stephen Curran and John P. wattis.</subfield>
  </datafield>
</record>