

<record xmlns="http://www.loc.gov/MARC21/slim"
xmlns:xsi="http://www.w3.org/2001/XMLSchema-instance"
xsi:schemaLocation="http://www.loc.gov/MARC21/slim
http://www.loc.gov/standards/marcxml/schema/MARC21slim.xsd">
  <leader>     cam  22005774a 4500</leader>
  <controlfield tag="001">024302167</controlfield>
  <datafield tag="245" ind1="0" ind2="0">
    <subfield code="a">Current care of women :</subfield>
    <subfield code="b">diagnosis &amp; treatment /</subfield>
    <subfield code="c">edited by Dawn P. Lemcke ... [et al.]</subfield>
  </datafield>
  <datafield tag="500" ind1=" " ind2=" ">
    <subfield code="a">Rev. ed. of: Primary care of women. Mosby, 1995.</subfield>
  </datafield>
</record>