

<record xmlns="http://www.loc.gov/MARC21/slim"
xmlns:xsi="http://www.w3.org/2001/XMLSchema-instance"
xsi:schemaLocation="http://www.loc.gov/MARC21/slim
http://www.loc.gov/standards/marcxml/schema/MARC21slim.xsd">
  <leader>01934cas a2200577 a 4500</leader>
  <controlfield tag="001">024218387</controlfield>
  <datafield tag="245" ind1="0" ind2="0">
    <subfield code="a">Biomedical digital libraries</subfield>
    <subfield code="h">[electronic resource].</subfield>
  </datafield>
  <datafield tag="500" ind1=" " ind2=" ">
    <subfield code="a">Title from issue caption (Biomedical Digital Libraries site, viewed Jan. 3, 2006).</subfield>
  </datafield>
  <datafield tag="500" ind1=" " ind2=" ">
    <subfield code="a">Title from issue caption (publisher Web site, viewed Mar.9 2005).</subfield>
    <subfield code="5">FTaSU</subfield>
  </datafield>
  <datafield tag="500" ind1=" " ind2=" ">
    <subfield code="a">Latest issue consulted: 1:3 (18 Nov. 2004) (viewed Nov. 22, 2004)</subfield>
    <subfield code="5">FMFIU</subfield>
  </datafield>
  <datafield tag="500" ind1=" " ind2=" ">
    <subfield code="a">Title from issue caption (publisher Web site, viewed Nov. 22, 2004).</subfield>
    <subfield code="5">FMFIU</subfield>
  </datafield>
  <datafield tag="500" ind1=" " ind2=" ">
    <subfield code="a">Description based on Oct. 5, 2004 viewing.</subfield>
    <subfield code="5">FTS</subfield>
  </datafield>
</record>