

<record xmlns="http://www.loc.gov/MARC21/slim"
xmlns:xsi="http://www.w3.org/2001/XMLSchema-instance"
xsi:schemaLocation="http://www.loc.gov/MARC21/slim
http://www.loc.gov/standards/marcxml/schema/MARC21slim.xsd">
  <leader>00000nam  2200313u  4500</leader>
  <controlfield tag="001">022860785</controlfield>
  <datafield tag="245" ind1="0" ind2="4">
    <subfield code="a">The Washington manual of medical therapeutics</subfield>
    <subfield code="h">[electronic resource] /</subfield>
    <subfield code="c">Department of Medicine, Washington University School of Medicine.</subfield>
  </datafield>
</record>