

<record xmlns="http://www.loc.gov/MARC21/slim"
xmlns:xsi="http://www.w3.org/2001/XMLSchema-instance"
xsi:schemaLocation="http://www.loc.gov/MARC21/slim
http://www.loc.gov/standards/marcxml/schema/MARC21slim.xsd">
  <leader>     cam a2200829Ia 4500</leader>
  <controlfield tag="001">022253033</controlfield>
  <datafield tag="245" ind1="0" ind2="0">
    <subfield code="a">Cell biology :</subfield>
    <subfield code="b">a short course /</subfield>
    <subfield code="c">Steven R. Bolsover [and others].</subfield>
  </datafield>
  <datafield tag="500" ind1=" " ind2=" ">
    <subfield code="a">Previous edition: published as From genes to cells. New York; Chichester: Wiley-Liss, 1997.</subfield>
  </datafield>
</record>