

<record xmlns="http://www.loc.gov/MARC21/slim"
xmlns:xsi="http://www.w3.org/2001/XMLSchema-instance"
xsi:schemaLocation="http://www.loc.gov/MARC21/slim
http://www.loc.gov/standards/marcxml/schema/MARC21slim.xsd">
  <leader>00000nam  22002654  4500</leader>
  <controlfield tag="001">022252955</controlfield>
  <datafield tag="245" ind1="0" ind2="0">
    <subfield code="a">Encyclopedia of bioethics /</subfield>
    <subfield code="c">edited by Stephen G. Post.</subfield>
  </datafield>
</record>