

<record xmlns="http://www.loc.gov/MARC21/slim"
xmlns:xsi="http://www.w3.org/2001/XMLSchema-instance"
xsi:schemaLocation="http://www.loc.gov/MARC21/slim
http://www.loc.gov/standards/marcxml/schema/MARC21slim.xsd">
  <leader>     cam a2200985Ia 4500</leader>
  <controlfield tag="001">022137865</controlfield>
  <datafield tag="245" ind1="0" ind2="0">
    <subfield code="a">Mood disorders :</subfield>
    <subfield code="b">a handbook of science and practice /</subfield>
    <subfield code="c">edited by Mick Power.</subfield>
  </datafield>
</record>