

<record xmlns="http://www.loc.gov/MARC21/slim"
xmlns:xsi="http://www.w3.org/2001/XMLSchema-instance"
xsi:schemaLocation="http://www.loc.gov/MARC21/slim
http://www.loc.gov/standards/marcxml/schema/MARC21slim.xsd">
  <leader>00000nam  22002894  4500</leader>
  <controlfield tag="001">021624943</controlfield>
  <datafield tag="245" ind1="0" ind2="0">
    <subfield code="a">Field guide to HIPAA implementation/</subfield>
    <subfield code="c">Jan Root...[et al.].</subfield>
  </datafield>
  <datafield tag="500" ind1=" " ind2=" ">
    <subfield code="a">Includes index.</subfield>
  </datafield>
</record>