

<record xmlns="http://www.loc.gov/MARC21/slim"
xmlns:xsi="http://www.w3.org/2001/XMLSchema-instance"
xsi:schemaLocation="http://www.loc.gov/MARC21/slim
http://www.loc.gov/standards/marcxml/schema/MARC21slim.xsd">
  <leader>00000nam  2200385u  4500</leader>
  <controlfield tag="001">025116605</controlfield>
  <datafield tag="245" ind1="1" ind2="0">
    <subfield code="a">Red book:</subfield>
    <subfield code="h">[electronic resource]</subfield>
    <subfield code="b">report of the Committee on Infectious Diseases.</subfield>
  </datafield>
</record>