

<record xmlns="http://www.loc.gov/MARC21/slim"
xmlns:xsi="http://www.w3.org/2001/XMLSchema-instance"
xsi:schemaLocation="http://www.loc.gov/MARC21/slim
http://www.loc.gov/standards/marcxml/schema/MARC21slim.xsd">
  <leader>     cas  2200397 a 4500</leader>
  <controlfield tag="001">025262658</controlfield>
  <datafield tag="245" ind1="1" ind2="0">
    <subfield code="a">Annals of family medicine</subfield>
    <subfield code="h">[electronic resource].</subfield>
  </datafield>
  <datafield tag="500" ind1=" " ind2=" ">
    <subfield code="a">Latest issue consulted: Vol. 1, issue 4 (Nov./Dec. 2004) (viewed Oct. 27, 2004).</subfield>
    <subfield code="5">FBoU</subfield>
    <subfield code="5">FBoU</subfield>
  </datafield>
</record>