

<record xmlns="http://www.loc.gov/MARC21/slim"
xmlns:xsi="http://www.w3.org/2001/XMLSchema-instance"
xsi:schemaLocation="http://www.loc.gov/MARC21/slim
http://www.loc.gov/standards/marcxml/schema/MARC21slim.xsd">
  <leader>01993cas a2200553 a 4500</leader>
  <controlfield tag="001">026426988</controlfield>
  <datafield tag="245" ind1="1" ind2="0">
    <subfield code="a">Arthritis research &amp; therapy</subfield>
    <subfield code="h">[electronic resource].</subfield>
  </datafield>
  <datafield tag="500" ind1=" " ind2=" ">
    <subfield code="a">Title from issue contents (publisher&apos;s Web site, viewed Apr. 14, 2004).</subfield>
  </datafield>
  <datafield tag="500" ind1=" " ind2=" ">
    <subfield code="a">Research articles only Open Access.</subfield>
    <subfield code="5">FTaSU</subfield>
  </datafield>
  <datafield tag="500" ind1=" " ind2=" ">
    <subfield code="a">Description based on online archive viewed on Mar. 9, 2005.</subfield>
    <subfield code="5">FTaSU</subfield>
  </datafield>
  <datafield tag="500" ind1=" " ind2=" ">
    <subfield code="a">Title from journal articles screen (BioMed Central, viewed on June 29, 2009).</subfield>
    <subfield code="5">FOFT</subfield>
  </datafield>
  <datafield tag="500" ind1=" " ind2=" ">
    <subfield code="a">Description based on online archive viewed on Dec. 6, 2002.</subfield>
    <subfield code="5">FTS</subfield>
  </datafield>
</record>