

<record xmlns="http://www.loc.gov/MARC21/slim"
xmlns:xsi="http://www.w3.org/2001/XMLSchema-instance"
xsi:schemaLocation="http://www.loc.gov/MARC21/slim
http://www.loc.gov/standards/marcxml/schema/MARC21slim.xsd">
  <leader>     nam  22     4u 4500</leader>
  <controlfield tag="001">026700954</controlfield>
  <datafield tag="245" ind1="1" ind2="4">
    <subfield code="a">The best friends approach to Alzheimer&apos;s care /</subfield>
    <subfield code="c">Virginia Bell and David Troxel.</subfield>
  </datafield>
</record>