

<record xmlns="http://www.loc.gov/MARC21/slim"
xmlns:xsi="http://www.w3.org/2001/XMLSchema-instance"
xsi:schemaLocation="http://www.loc.gov/MARC21/slim
http://www.loc.gov/standards/marcxml/schema/MARC21slim.xsd">
  <leader>     cas  2200505 a 4500</leader>
  <controlfield tag="001">026443370</controlfield>
  <datafield tag="245" ind1="0" ind2="0">
    <subfield code="a">BMC medicine</subfield>
    <subfield code="h">[electronic resource].</subfield>
  </datafield>
  <datafield tag="500" ind1=" " ind2=" ">
    <subfield code="a">Title from publication overview screen (BioMed Central, viewed on May 28, 2010).</subfield>
    <subfield code="5">FOFT</subfield>
  </datafield>
  <datafield tag="500" ind1=" " ind2=" ">
    <subfield code="a">Description based on Dec. 1, 2003 viewing.</subfield>
    <subfield code="5">FBoU</subfield>
  </datafield>
</record>