

<record xmlns="http://www.loc.gov/MARC21/slim"
xmlns:xsi="http://www.w3.org/2001/XMLSchema-instance"
xsi:schemaLocation="http://www.loc.gov/MARC21/slim
http://www.loc.gov/standards/marcxml/schema/MARC21slim.xsd">
  <leader>     cam a2200721Ia 4500</leader>
  <controlfield tag="001">022922076</controlfield>
  <datafield tag="245" ind1="1" ind2="0">
    <subfield code="a">Current diagnosis &amp; treatment in gastroenterology /</subfield>
    <subfield code="c">edited by Scott L. Friedman, Kenneth R. McQuaid, James H. Grendell.</subfield>
  </datafield>
  <datafield tag="500" ind1=" " ind2=" ">
    <subfield code="a">Title from title screen (viewed July 12, 2004).</subfield>
  </datafield>
  <datafield tag="500" ind1=" " ind2=" ">
    <subfield code="a">&quot;A Lange medical book.&quot;</subfield>
  </datafield>
</record>