

<record xmlns="http://www.loc.gov/MARC21/slim"
xmlns:xsi="http://www.w3.org/2001/XMLSchema-instance"
xsi:schemaLocation="http://www.loc.gov/MARC21/slim
http://www.loc.gov/standards/marcxml/schema/MARC21slim.xsd">
  <leader>00000nam  2200241u  4500</leader>
  <controlfield tag="001">026231098</controlfield>
  <datafield tag="245" ind1="1" ind2="0">
    <subfield code="a">Setting the agenda for research on cultural competence in health care /</subfield>
    <subfield code="b">Julia Puebla Fortier, Dawn Bishop.</subfield>
  </datafield>
</record>