

<record xmlns="http://www.loc.gov/MARC21/slim"
xmlns:xsi="http://www.w3.org/2001/XMLSchema-instance"
xsi:schemaLocation="http://www.loc.gov/MARC21/slim
http://www.loc.gov/standards/marcxml/schema/MARC21slim.xsd">
  <leader>     cas  2200577Ia 4500</leader>
  <controlfield tag="001">028338052</controlfield>
  <datafield tag="245" ind1="1" ind2="0">
    <subfield code="a">Intervention</subfield>
    <subfield code="h">[electronic resource] :</subfield>
    <subfield code="b">international journal of mental health, psychosocial work, and counselling in areas of armed conflict.</subfield>
  </datafield>
  <datafield tag="500" ind1=" " ind2=" ">
    <subfield code="a">Title taken from journal&apos;s home page (viewed Feb. 9, 2004).</subfield>
    <subfield code="5">FTaSU</subfield>
  </datafield>
</record>