

<record xmlns="http://www.loc.gov/MARC21/slim"
xmlns:xsi="http://www.w3.org/2001/XMLSchema-instance"
xsi:schemaLocation="http://www.loc.gov/MARC21/slim
http://www.loc.gov/standards/marcxml/schema/MARC21slim.xsd">
  <leader>02314nam  22005414a 4500</leader>
  <controlfield tag="001">020101287</controlfield>
  <datafield tag="245" ind1="1" ind2="0">
    <subfield code="a">Color atlas and textbook of human anatomy.</subfield>
    <subfield code="n">Vol. 3,</subfield>
    <subfield code="p">Nervous system and sensory organs</subfield>
    <subfield code="h">[electronic resource] /</subfield>
    <subfield code="c">by Werner Kahle, Michael Frotscher.</subfield>
  </datafield>
  <datafield tag="500" ind1=" " ind2=" ">
    <subfield code="a">Made available through: Thieme ElectronicBook Library.</subfield>
    <subfield code="5">FTS</subfield>
  </datafield>
</record>