

<record xmlns="http://www.loc.gov/MARC21/slim"
xmlns:xsi="http://www.w3.org/2001/XMLSchema-instance"
xsi:schemaLocation="http://www.loc.gov/MARC21/slim
http://www.loc.gov/standards/marcxml/schema/MARC21slim.xsd">
  <leader>00000nam  2200217u  4500</leader>
  <controlfield tag="001">021507302</controlfield>
  <datafield tag="245" ind1="1" ind2="0">
    <subfield code="a">Med School :</subfield>
    <subfield code="b">a collection of stories about Medical School, 1951-1955 /</subfield>
    <subfield code="c">Clifton K. Meador, M.D.</subfield>
  </datafield>
</record>