

<record xmlns="http://www.loc.gov/MARC21/slim"
xmlns:xsi="http://www.w3.org/2001/XMLSchema-instance"
xsi:schemaLocation="http://www.loc.gov/MARC21/slim
http://www.loc.gov/standards/marcxml/schema/MARC21slim.xsd">
  <leader>03275nam  2200553 a 4500</leader>
  <controlfield tag="001">020258557</controlfield>
  <datafield tag="245" ind1="1" ind2="2">
    <subfield code="a">A pocket guide to the ear</subfield>
    <subfield code="h">[electronic resource] /</subfield>
    <subfield code="c">Albert L. Menner.</subfield>
  </datafield>
  <datafield tag="500" ind1=" " ind2=" ">
    <subfield code="a">Made available through: Thieme ElectronicBook Library.</subfield>
    <subfield code="5">FMFIU</subfield>
    <subfield code="5">FBoU</subfield>
  </datafield>
  <datafield tag="500" ind1=" " ind2=" ">
    <subfield code="a">Source of title; title from title page.</subfield>
    <subfield code="5">FU</subfield>
  </datafield>
  <datafield tag="500" ind1=" " ind2=" ">
    <subfield code="a">Source of title; title from title page (viewed Sep.1, 2006).</subfield>
    <subfield code="5">FTaSU</subfield>
  </datafield>
  <datafield tag="500" ind1=" " ind2=" ">
    <subfield code="a">Specialty: Otolaryngology.</subfield>
    <subfield code="5">FBoU</subfield>
  </datafield>
</record>