

<record xmlns="http://www.loc.gov/MARC21/slim"
xmlns:xsi="http://www.w3.org/2001/XMLSchema-instance"
xsi:schemaLocation="http://www.loc.gov/MARC21/slim
http://www.loc.gov/standards/marcxml/schema/MARC21slim.xsd">
  <leader>     cam  22004334a 4500</leader>
  <controlfield tag="001">023593850</controlfield>
  <datafield tag="245" ind1="1" ind2="0">
    <subfield code="a">MRI parameters and positioning</subfield>
    <subfield code="h">[electronic resource] /</subfield>
    <subfield code="c">Torsten B. Moeller, Emil Reif ; with contributions by A. Beck ... [et al.].</subfield>
  </datafield>
  <datafield tag="500" ind1=" " ind2=" ">
    <subfield code="a">Source of title; title from title page (viewed Aug. 30, 2006).</subfield>
  </datafield>
</record>