

<record xmlns="http://www.loc.gov/MARC21/slim"
xmlns:xsi="http://www.w3.org/2001/XMLSchema-instance"
xsi:schemaLocation="http://www.loc.gov/MARC21/slim
http://www.loc.gov/standards/marcxml/schema/MARC21slim.xsd">
  <leader>     cam  22004814a 4500</leader>
  <controlfield tag="001">026621434</controlfield>
  <datafield tag="245" ind1="1" ind2="0">
    <subfield code="a">General practice /</subfield>
    <subfield code="c">John Murtagh.</subfield>
  </datafield>
</record>