

<record xmlns="http://www.loc.gov/MARC21/slim"
xmlns:xsi="http://www.w3.org/2001/XMLSchema-instance"
xsi:schemaLocation="http://www.loc.gov/MARC21/slim
http://www.loc.gov/standards/marcxml/schema/MARC21slim.xsd">
  <leader>     cam  2200781 a 4500</leader>
  <controlfield tag="001">020493007</controlfield>
  <datafield tag="245" ind1="1" ind2="0">
    <subfield code="a">Atlas of human anatomy /</subfield>
    <subfield code="c">by Frank H. Netter ; John T. Hansen, consulting editor.</subfield>
  </datafield>
  <datafield tag="500" ind1=" " ind2=" ">
    <subfield code="a">Includes index.</subfield>
    <subfield code="5">FTaSU</subfield>
  </datafield>
  <datafield tag="500" ind1=" " ind2=" ">
    <subfield code="a">Student Edition includes 1 computer disk</subfield>
    <subfield code="5">FTaSU</subfield>
  </datafield>
</record>