

<record xmlns="http://www.loc.gov/MARC21/slim"
xmlns:xsi="http://www.w3.org/2001/XMLSchema-instance"
xsi:schemaLocation="http://www.loc.gov/MARC21/slim
http://www.loc.gov/standards/marcxml/schema/MARC21slim.xsd">
  <leader>     cam a2200613Ia 4500</leader>
  <controlfield tag="001">025199860</controlfield>
  <datafield tag="245" ind1="1" ind2="4">
    <subfield code="a">The clinical recognition of congenital heart disease /</subfield>
    <subfield code="c">Joseph K. Perloff.</subfield>
  </datafield>
  <datafield tag="500" ind1=" " ind2=" ">
    <subfield code="a">Title from homepage (viewed March 24, 2010).</subfield>
  </datafield>
</record>