

<record xmlns="http://www.loc.gov/MARC21/slim"
xmlns:xsi="http://www.w3.org/2001/XMLSchema-instance"
xsi:schemaLocation="http://www.loc.gov/MARC21/slim
http://www.loc.gov/standards/marcxml/schema/MARC21slim.xsd">
  <leader>     cam  2200769Ma 4500</leader>
  <controlfield tag="001">027768359</controlfield>
  <datafield tag="245" ind1="1" ind2="0">
    <subfield code="a">Reeder and Felson&apos;s gamuts in radiology</subfield>
    <subfield code="h">[electronic resource] :</subfield>
    <subfield code="b">comprehensive lists of roentgen differential diagnosis /</subfield>
    <subfield code="c">Maurice M. Reeder.</subfield>
  </datafield>
  <datafield tag="500" ind1=" " ind2=" ">
    <subfield code="a">&quot;With MRI Gamuts by William G. Bradley and Ultrasound Gamuts by Christopher R. Merritt, and input from a distinguished 20-member subspecialty editorial board.&quot;</subfield>
    <subfield code="5">FTaSU</subfield>
  </datafield>
  <datafield tag="500" ind1=" " ind2=" ">
    <subfield code="a">Title from R2Lib&apos;s title page (viewed June 21, 2006).</subfield>
    <subfield code="5">FTaSU</subfield>
  </datafield>
  <datafield tag="500" ind1=" " ind2=" ">
    <subfield code="a">&quot;With MRI Gamuts by William G. Bradley and Ultrasound Gamuts by Christopher R. Merritt, and input from a distinguished 20-member subspecialty editorial board.&quot;</subfield>
  </datafield>
  <datafield tag="500" ind1=" " ind2=" ">
    <subfield code="a">Title from title screen (viewed Feb. 6, 2007).</subfield>
  </datafield>
  <datafield tag="500" ind1=" " ind2=" ">
    <subfield code="a">Available as part of the R2 Library service.</subfield>
  </datafield>
</record>