

<record xmlns="http://www.loc.gov/MARC21/slim"
xmlns:xsi="http://www.w3.org/2001/XMLSchema-instance"
xsi:schemaLocation="http://www.loc.gov/MARC21/slim
http://www.loc.gov/standards/marcxml/schema/MARC21slim.xsd">
  <leader>     cmm  2200421Ia 4500</leader>
  <controlfield tag="001">022925894</controlfield>
  <datafield tag="245" ind1="1" ind2="0">
    <subfield code="a">Rudolph&apos;s pediatrics</subfield>
    <subfield code="h">[electronic resource] /</subfield>
    <subfield code="c">editors, Colin D. Rudolph, Abraham M. Rudolph ; Coeditors, Margaret K. Hostetter, George Lister, Norman J. Siegel.</subfield>
  </datafield>
  <datafield tag="500" ind1=" " ind2=" ">
    <subfield code="a">Title from title screen.</subfield>
  </datafield>
</record>