

<record xmlns="http://www.loc.gov/MARC21/slim"
xmlns:xsi="http://www.w3.org/2001/XMLSchema-instance"
xsi:schemaLocation="http://www.loc.gov/MARC21/slim
http://www.loc.gov/standards/marcxml/schema/MARC21slim.xsd">
  <leader>     cam  2200361Ma 4500</leader>
  <controlfield tag="001">021160280</controlfield>
  <datafield tag="245" ind1="1" ind2="0">
    <subfield code="a">Saunders manual of critical care</subfield>
    <subfield code="h">[electronic resource] /</subfield>
    <subfield code="c">James A. Kruse, Mitchell P. Fink, Richard W. Carlson, [editors, with other contributors].</subfield>
  </datafield>
  <datafield tag="500" ind1=" " ind2=" ">
    <subfield code="a">Title from MD Consult&apos;s title page (viewed aug. 5, 2010).</subfield>
  </datafield>
</record>