

<record xmlns="http://www.loc.gov/MARC21/slim"
xmlns:xsi="http://www.w3.org/2001/XMLSchema-instance"
xsi:schemaLocation="http://www.loc.gov/MARC21/slim
http://www.loc.gov/standards/marcxml/schema/MARC21slim.xsd">
  <leader>     cam  2200337Ia 4500</leader>
  <controlfield tag="001">021977520</controlfield>
  <datafield tag="245" ind1="1" ind2="0">
    <subfield code="a">Depression for dummies /</subfield>
    <subfield code="c">by Laura L. Smith and Charles H. Elliott ; foreword by Aaron T. Beck.</subfield>
  </datafield>
</record>