

<record xmlns="http://www.loc.gov/MARC21/slim"
xmlns:xsi="http://www.w3.org/2001/XMLSchema-instance"
xsi:schemaLocation="http://www.loc.gov/MARC21/slim
http://www.loc.gov/standards/marcxml/schema/MARC21slim.xsd">
  <leader>00000nam  22002654  4500</leader>
  <controlfield tag="001">026423355</controlfield>
  <datafield tag="245" ind1="1" ind2="0">
    <subfield code="a">Hospice/Palliative care training for physicians:</subfield>
    <subfield code="b">a self-study program /</subfield>
    <subfield code="c">Porter Storey, Carol F. Knight.</subfield>
  </datafield>
</record>