

<record xmlns="http://www.loc.gov/MARC21/slim"
xmlns:xsi="http://www.w3.org/2001/XMLSchema-instance"
xsi:schemaLocation="http://www.loc.gov/MARC21/slim
http://www.loc.gov/standards/marcxml/schema/MARC21slim.xsd">
  <leader>     cam a2200493Ma 4500</leader>
  <controlfield tag="001">020723533</controlfield>
  <datafield tag="245" ind1="1" ind2="0">
    <subfield code="a">Textbook of gastroenterology /</subfield>
    <subfield code="c">editor, Tadataka Yamada ; associate editors, David H. Alpers [and others].</subfield>
  </datafield>
</record>