

<record xmlns="http://www.loc.gov/MARC21/slim"
xmlns:xsi="http://www.w3.org/2001/XMLSchema-instance"
xsi:schemaLocation="http://www.loc.gov/MARC21/slim
http://www.loc.gov/standards/marcxml/schema/MARC21slim.xsd">
  <leader>00000nam  2200217u  4500</leader>
  <controlfield tag="001">030350358</controlfield>
  <datafield tag="245" ind1="1" ind2="0">
    <subfield code="a">Clinical Neuroanatomy /</subfield>
    <subfield code="c">Stephen G. Waxman.</subfield>
  </datafield>
</record>