

<record xmlns="http://www.loc.gov/MARC21/slim"
xmlns:xsi="http://www.w3.org/2001/XMLSchema-instance"
xsi:schemaLocation="http://www.loc.gov/MARC21/slim
http://www.loc.gov/standards/marcxml/schema/MARC21slim.xsd">
  <leader>00000nam  22002174  4500</leader>
  <controlfield tag="001">030382640</controlfield>
  <datafield tag="245" ind1="0" ind2="0">
    <subfield code="a">Dermatology/</subfield>
    <subfield code="c">editorial advisory board, Fred F. Ferri, Kathleen M O&apos;Hanlon, Joseph E. Scherger...[et al].</subfield>
  </datafield>
  <datafield tag="500" ind1=" " ind2=" ">
    <subfield code="a">Includes index.</subfield>
  </datafield>
</record>