

<record xmlns="http://www.loc.gov/MARC21/slim"
xmlns:xsi="http://www.w3.org/2001/XMLSchema-instance"
xsi:schemaLocation="http://www.loc.gov/MARC21/slim
http://www.loc.gov/standards/marcxml/schema/MARC21slim.xsd">
  <leader>     ngm a22      a 4500</leader>
  <controlfield tag="001">029264709</controlfield>
  <datafield tag="245" ind1="0" ind2="2">
    <subfield code="a">A closer walk</subfield>
    <subfield code="h">[videorecording] /</subfield>
    <subfield code="c">directed, written, and produced by Robert Bilheimer ; produced in association with the Global Health Council ; Worldwide Documentaries, Inc.</subfield>
  </datafield>
  <datafield tag="500" ind1=" " ind2=" ">
    <subfield code="a">&quot;A film about AIDS in the world. A story about the way the world is&quot; -- Videodisc and container.</subfield>
    <subfield code="5">FTaSU</subfield>
  </datafield>
</record>