

<record xmlns="http://www.loc.gov/MARC21/slim"
xmlns:xsi="http://www.w3.org/2001/XMLSchema-instance"
xsi:schemaLocation="http://www.loc.gov/MARC21/slim
http://www.loc.gov/standards/marcxml/schema/MARC21slim.xsd">
  <leader>     nam a22     4a 4500</leader>
  <controlfield tag="001">027912572</controlfield>
  <datafield tag="245" ind1="0" ind2="4">
    <subfield code="a">The epigenome</subfield>
    <subfield code="h">[electronic resource] :</subfield>
    <subfield code="b">molecular hide and seek /</subfield>
    <subfield code="c">edited by S. Beck and A. Olek.</subfield>
  </datafield>
  <datafield tag="500" ind1=" " ind2=" ">
    <subfield code="a">Title from title page (viewed Aug. 24, 2006).</subfield>
    <subfield code="5">FTaSU</subfield>
  </datafield>
</record>