

<record xmlns="http://www.loc.gov/MARC21/slim"
xmlns:xsi="http://www.w3.org/2001/XMLSchema-instance"
xsi:schemaLocation="http://www.loc.gov/MARC21/slim
http://www.loc.gov/standards/marcxml/schema/MARC21slim.xsd">
  <leader>     cam  22004334a 4500</leader>
  <controlfield tag="001">027887168</controlfield>
  <datafield tag="245" ind1="0" ind2="0">
    <subfield code="a">Analysing gene expression</subfield>
    <subfield code="h">[electronic resource] :</subfield>
    <subfield code="b">a handbook of methods : possibilities and pitfalls /</subfield>
    <subfield code="c">edited by Stefan Lorkowski and Paul Cullen.</subfield>
  </datafield>
  <datafield tag="500" ind1=" " ind2=" ">
    <subfield code="a">Title from title page (viewed Aug. 14, 2006).</subfield>
    <subfield code="5">FTaSU</subfield>
  </datafield>
</record>