

<record xmlns="http://www.loc.gov/MARC21/slim"
xmlns:xsi="http://www.w3.org/2001/XMLSchema-instance"
xsi:schemaLocation="http://www.loc.gov/MARC21/slim
http://www.loc.gov/standards/marcxml/schema/MARC21slim.xsd">
  <leader>     nam  22     4u 4500</leader>
  <controlfield tag="001">026739483</controlfield>
  <datafield tag="245" ind1="0" ind2="4">
    <subfield code="a">The American Psychiatric Publishing textbook of clinical psychiatry</subfield>
    <subfield code="h">[electronic resource] /</subfield>
    <subfield code="c">edited by Robert E. Hales, Stuart C. Yudofsky.</subfield>
  </datafield>
  <datafield tag="500" ind1=" " ind2=" ">
    <subfield code="a">Rev. ed. of:The American Psychiatric Press textbook of psychiatry /edited by Robert E. Hales, Stuart C. Yudofsky, John A. Talbott. c1999.</subfield>
  </datafield>
  <datafield tag="500" ind1=" " ind2=" ">
    <subfield code="a">Title from title screen (viewed Aug.15, 2005).</subfield>
  </datafield>
</record>