

<record xmlns="http://www.loc.gov/MARC21/slim"
xmlns:xsi="http://www.w3.org/2001/XMLSchema-instance"
xsi:schemaLocation="http://www.loc.gov/MARC21/slim
http://www.loc.gov/standards/marcxml/schema/MARC21slim.xsd">
  <leader>     nam a22     ua 4500</leader>
  <controlfield tag="001">026620103</controlfield>
  <datafield tag="245" ind1="0" ind2="0">
    <subfield code="a">Lecture notes on geriatric medicine /</subfield>
    <subfield code="c">Nicholas Coni ...[et al.].</subfield>
  </datafield>
  <datafield tag="500" ind1=" " ind2=" ">
    <subfield code="a">Rev. ed. of: Lecture notes on geriatrics / Nicholas Coni, Stephen Webster, 5th ed. 1998.</subfield>
  </datafield>
</record>