

<record xmlns="http://www.loc.gov/MARC21/slim"
xmlns:xsi="http://www.w3.org/2001/XMLSchema-instance"
xsi:schemaLocation="http://www.loc.gov/MARC21/slim
http://www.loc.gov/standards/marcxml/schema/MARC21slim.xsd">
  <leader>00000nam  2200241u  4500</leader>
  <controlfield tag="001">026335997</controlfield>
  <datafield tag="245" ind1="0" ind2="0">
    <subfield code="a">Drugs of choice :</subfield>
    <subfield code="b">selected articles from Treatment Guidelines with updates from the Medical Letter.</subfield>
  </datafield>
  <datafield tag="500" ind1=" " ind2=" ">
    <subfield code="a">Includeds index.</subfield>
  </datafield>
</record>