

<record xmlns="http://www.loc.gov/MARC21/slim"
xmlns:xsi="http://www.w3.org/2001/XMLSchema-instance"
xsi:schemaLocation="http://www.loc.gov/MARC21/slim
http://www.loc.gov/standards/marcxml/schema/MARC21slim.xsd">
  <leader>00000nam  22002534  4500</leader>
  <controlfield tag="001">024302110</controlfield>
  <datafield tag="245" ind1="0" ind2="0">
    <subfield code="a">Practice patterns of general/family practice, 2003 /</subfield>
    <subfield code="c">edited by John D. Wassenaar and Sara L. Thran.</subfield>
  </datafield>
  <datafield tag="500" ind1=" " ind2=" ">
    <subfield code="a">Contains results from the 2001 patient care physician survery.</subfield>
    <subfield code="5">FTaSU</subfield>
  </datafield>
</record>