

<record xmlns="http://www.loc.gov/MARC21/slim"
xmlns:xsi="http://www.w3.org/2001/XMLSchema-instance"
xsi:schemaLocation="http://www.loc.gov/MARC21/slim
http://www.loc.gov/standards/marcxml/schema/MARC21slim.xsd">
  <leader>01536nam  2200373Ia 4500</leader>
  <controlfield tag="001">022923441</controlfield>
  <datafield tag="245" ind1="0" ind2="0">
    <subfield code="a">Geriatric medicine, an evidence-based approach</subfield>
    <subfield code="h">[electronic resource]</subfield>
    <subfield code="c">editor, Christine K. Cassel ; deputy editor, Rosanne M. Leipzig ; associate editors, Harvey Jay Cohen, Eric B. Larson, Diane E. Meier ; managing editor, Carol F. Capello.</subfield>
  </datafield>
</record>