

<record xmlns="http://www.loc.gov/MARC21/slim"
xmlns:xsi="http://www.w3.org/2001/XMLSchema-instance"
xsi:schemaLocation="http://www.loc.gov/MARC21/slim
http://www.loc.gov/standards/marcxml/schema/MARC21slim.xsd">
  <leader>00000nam  2200397u  4500</leader>
  <controlfield tag="001">022717119</controlfield>
  <datafield tag="245" ind1="0" ind2="0">
    <subfield code="a">Emergency pediatrics</subfield>
    <subfield code="h">[electronic resource] :</subfield>
    <subfield code="b">a guide to ambulatory care /</subfield>
    <subfield code="c">editor, Roger M. Barking;associate editor, Peter Rosen.</subfield>
  </datafield>
</record>