

<record xmlns="http://www.loc.gov/MARC21/slim"
xmlns:xsi="http://www.w3.org/2001/XMLSchema-instance"
xsi:schemaLocation="http://www.loc.gov/MARC21/slim
http://www.loc.gov/standards/marcxml/schema/MARC21slim.xsd">
  <leader>00000nam  2200361u  4500</leader>
  <controlfield tag="001">022695424</controlfield>
  <datafield tag="245" ind1="0" ind2="0">
    <subfield code="a">Current surgical diagnosis &amp; treatment</subfield>
    <subfield code="h">[electronic resource] /</subfield>
    <subfield code="c">edited by Lawrence W. Way and Gerald M. Doherty.</subfield>
  </datafield>
  <datafield tag="500" ind1=" " ind2=" ">
    <subfield code="a">Title from the screen (viewed Jan.27, 2005).</subfield>
  </datafield>
</record>