

<record xmlns="http://www.loc.gov/MARC21/slim"
xmlns:xsi="http://www.w3.org/2001/XMLSchema-instance"
xsi:schemaLocation="http://www.loc.gov/MARC21/slim
http://www.loc.gov/standards/marcxml/schema/MARC21slim.xsd">
  <leader>     cam a2200841Ia 4500</leader>
  <controlfield tag="001">020488172</controlfield>
  <datafield tag="245" ind1="0" ind2="0">
    <subfield code="a">Molecular biology in cellular pathology /</subfield>
    <subfield code="c">edited by John Crocker, Paul G. Murray.</subfield>
  </datafield>
  <datafield tag="500" ind1=" " ind2=" ">
    <subfield code="a">Completed rev. &amp; updated version of: Molecular biology in histopathology, 1994.</subfield>
  </datafield>
</record>