

<record xmlns="http://www.loc.gov/MARC21/slim"
xmlns:xsi="http://www.w3.org/2001/XMLSchema-instance"
xsi:schemaLocation="http://www.loc.gov/MARC21/slim
http://www.loc.gov/standards/marcxml/schema/MARC21slim.xsd">
  <leader>     cam  22004814a 4500</leader>
  <controlfield tag="001">020477873</controlfield>
  <datafield tag="245" ind1="0" ind2="0">
    <subfield code="a">Pediatrics for medical students /</subfield>
    <subfield code="c">editors, Daniel Berstein, Steven P. Shelov.</subfield>
  </datafield>
  <datafield tag="500" ind1=" " ind2=" ">
    <subfield code="a">1st edition title : Pediatrics.</subfield>
    <subfield code="5">FU</subfield>
  </datafield>
</record>