

<record xmlns="http://www.loc.gov/MARC21/slim"
xmlns:xsi="http://www.w3.org/2001/XMLSchema-instance"
xsi:schemaLocation="http://www.loc.gov/MARC21/slim
http://www.loc.gov/standards/marcxml/schema/MARC21slim.xsd">
  <leader>00000nam  22002534  4500</leader>
  <controlfield tag="001">020091921</controlfield>
  <datafield tag="245" ind1="0" ind2="0">
    <subfield code="a">Student guide to primary care :</subfield>
    <subfield code="b">making the most of your early clinical experience /</subfield>
    <subfield code="c">David J. Steele, Jeffrey Susman, and Fredrick A. McCurdy.</subfield>
  </datafield>
</record>