

<record xmlns="http://www.loc.gov/MARC21/slim"
xmlns:xsi="http://www.w3.org/2001/XMLSchema-instance"
xsi:schemaLocation="http://www.loc.gov/MARC21/slim
http://www.loc.gov/standards/marcxml/schema/MARC21slim.xsd">
  <leader>01068cam  22003494a 4500</leader>
  <controlfield tag="001">020484331</controlfield>
  <datafield tag="245" ind1="1" ind2="0">
    <subfield code="a">Biochemistry /</subfield>
    <subfield code="c">Jeremy M. Berg, John L. Tymoczko, Lubert Stryer ; Web content by Neil D. Clarke.</subfield>
  </datafield>
  <datafield tag="500" ind1=" " ind2=" ">
    <subfield code="a">Rev. ed. of: Biochemistry / by Lubert Stryer. 4th ed. 1995.</subfield>
    <subfield code="5">FTaSU</subfield>
    <subfield code="5">FBoU</subfield>
  </datafield>
  <datafield tag="500" ind1=" " ind2=" ">
    <subfield code="a">Fourth ed. by Lubert Stryer.</subfield>
    <subfield code="5">FSsNC</subfield>
    <subfield code="5">FU</subfield>
    <subfield code="5">FTS</subfield>
  </datafield>
</record>