

<record xmlns="http://www.loc.gov/MARC21/slim"
xmlns:xsi="http://www.w3.org/2001/XMLSchema-instance"
xsi:schemaLocation="http://www.loc.gov/MARC21/slim
http://www.loc.gov/standards/marcxml/schema/MARC21slim.xsd">
  <leader>00000nam  2200229u  4500</leader>
  <controlfield tag="001">029775934</controlfield>
  <datafield tag="245" ind1="1" ind2="4">
    <subfield code="a">The successful medical school department chair :</subfield>
    <subfield code="b">a guide to good institutional practice /</subfield>
    <subfield code="c">Julien F. Biebuyck, William T. Mallon.</subfield>
  </datafield>
</record>