

<record xmlns="http://www.loc.gov/MARC21/slim"
xmlns:xsi="http://www.w3.org/2001/XMLSchema-instance"
xsi:schemaLocation="http://www.loc.gov/MARC21/slim
http://www.loc.gov/standards/marcxml/schema/MARC21slim.xsd">
  <leader>     cam  22005174a 4500</leader>
  <controlfield tag="001">027893805</controlfield>
  <datafield tag="245" ind1="1" ind2="0">
    <subfield code="a">Genomic imprinting and uniparental disomy in medicine</subfield>
    <subfield code="h">[electronic resource] :</subfield>
    <subfield code="b">clinical and molecular aspects /</subfield>
    <subfield code="c">Eric Engel, Stylianos E. Antonarakis ; with contributions by Célia D. Delozier-Blanchet and Robert Lyle.</subfield>
  </datafield>
  <datafield tag="500" ind1=" " ind2=" ">
    <subfield code="a">Description based on title from title screen (viewed Aug.16, 2006).</subfield>
    <subfield code="5">FTaSU</subfield>
  </datafield>
</record>