

<record xmlns="http://www.loc.gov/MARC21/slim"
xmlns:xsi="http://www.w3.org/2001/XMLSchema-instance"
xsi:schemaLocation="http://www.loc.gov/MARC21/slim
http://www.loc.gov/standards/marcxml/schema/MARC21slim.xsd">
  <leader>00000nas  2200361u  4500</leader>
  <controlfield tag="001">021116090</controlfield>
  <datafield tag="245" ind1="0" ind2="0">
    <subfield code="a">Experimental psychology</subfield>
    <subfield code="h">[electronic resource].</subfield>
  </datafield>
  <datafield tag="500" ind1=" " ind2=" ">
    <subfield code="a">Full text coverage :Vol.49(1)(Jan. 2002)-</subfield>
    <subfield code="5">FTaSU</subfield>
  </datafield>
  <datafield tag="500" ind1=" " ind2=" ">
    <subfield code="a">Title from the screen (viewed Oct. 22, 2003).</subfield>
    <subfield code="5">FTaSU</subfield>
  </datafield>
</record>