

<record xmlns="http://www.loc.gov/MARC21/slim"
xmlns:xsi="http://www.w3.org/2001/XMLSchema-instance"
xsi:schemaLocation="http://www.loc.gov/MARC21/slim
http://www.loc.gov/standards/marcxml/schema/MARC21slim.xsd">
  <leader>     cam  22005534a 4500</leader>
  <controlfield tag="001">027772475</controlfield>
  <datafield tag="245" ind1="1" ind2="0">
    <subfield code="a">DSM-IV-TR handbook of differential diagnosis</subfield>
    <subfield code="h">[electronic resource] /</subfield>
    <subfield code="c">Michael B. First, Allen Frances, and Harold Alan Pincus.</subfield>
  </datafield>
  <datafield tag="500" ind1=" " ind2=" ">
    <subfield code="a">Caption title (viewed Sept. 23, 2008).</subfield>
    <subfield code="5">FTaSU</subfield>
  </datafield>
  <datafield tag="500" ind1=" " ind2=" ">
    <subfield code="a">Includes indexes.</subfield>
    <subfield code="5">FTaSU</subfield>
  </datafield>
  <datafield tag="500" ind1=" " ind2=" ">
    <subfield code="a">Also available as a PDA download.</subfield>
    <subfield code="5">FTaSU</subfield>
  </datafield>
  <datafield tag="500" ind1=" " ind2=" ">
    <subfield code="a">Available as part of PsychiatryOnline.</subfield>
    <subfield code="5">FTaSU</subfield>
  </datafield>
</record>