

<record xmlns="http://www.loc.gov/MARC21/slim"
xmlns:xsi="http://www.w3.org/2001/XMLSchema-instance"
xsi:schemaLocation="http://www.loc.gov/MARC21/slim
http://www.loc.gov/standards/marcxml/schema/MARC21slim.xsd">
  <leader>     cam  2200445Ia 4500</leader>
  <controlfield tag="001">023126211</controlfield>
  <datafield tag="245" ind1="1" ind2="0">
    <subfield code="a">Immunology and evolution of infectious disease /</subfield>
    <subfield code="h">[electronic resource] :</subfield>
    <subfield code="c">Steven A. Frank.</subfield>
  </datafield>
  <datafield tag="500" ind1=" " ind2=" ">
    <subfield code="a">Title from electronic title page (viewed Aug. 3, 2007).</subfield>
  </datafield>
</record>