

<record xmlns="http://www.loc.gov/MARC21/slim"
xmlns:xsi="http://www.w3.org/2001/XMLSchema-instance"
xsi:schemaLocation="http://www.loc.gov/MARC21/slim
http://www.loc.gov/standards/marcxml/schema/MARC21slim.xsd">
  <leader>00000cam  2200337ua 4500</leader>
  <controlfield tag="001">027223618</controlfield>
  <datafield tag="245" ind1="1" ind2="0">
    <subfield code="a">Katzung &amp; Trevor&apos;s pharmacology :</subfield>
    <subfield code="b">examination &amp; board review /</subfield>
    <subfield code="c">Anthony J. Trevor, Bertram G. Katzung and Susan B. Masters.</subfield>
  </datafield>
  <datafield tag="500" ind1=" " ind2=" ">
    <subfield code="a">Companion volume to: Basic &amp; clinical pharmacology.</subfield>
    <subfield code="5">FU</subfield>
  </datafield>
</record>