

<record xmlns="http://www.loc.gov/MARC21/slim"
xmlns:xsi="http://www.w3.org/2001/XMLSchema-instance"
xsi:schemaLocation="http://www.loc.gov/MARC21/slim
http://www.loc.gov/standards/marcxml/schema/MARC21slim.xsd">
  <leader>     cas  2200481 a 4500</leader>
  <controlfield tag="001">026534967</controlfield>
  <datafield tag="245" ind1="1" ind2="4">
    <subfield code="a">The Lancet neurology</subfield>
    <subfield code="h">[electronic resource].</subfield>
  </datafield>
  <datafield tag="500" ind1=" " ind2=" ">
    <subfield code="a">Latest issue consulted: Vol. 4, issue 7 (July 2005) (viewed July 8, 2005).</subfield>
    <subfield code="5">FBoU</subfield>
  </datafield>
  <datafield tag="500" ind1=" " ind2=" ">
    <subfield code="a">Title from available issues screen (ScienceDirect, viewed July 8, 2005).</subfield>
    <subfield code="5">FBoU</subfield>
  </datafield>
  <datafield tag="500" ind1=" " ind2=" ">
    <subfield code="a">Title from MDC&apos;s title page (viewed Sep. 22, 2003).</subfield>
    <subfield code="5">FTaSU</subfield>
  </datafield>
</record>