

<record xmlns="http://www.loc.gov/MARC21/slim"
xmlns:xsi="http://www.w3.org/2001/XMLSchema-instance"
xsi:schemaLocation="http://www.loc.gov/MARC21/slim
http://www.loc.gov/standards/marcxml/schema/MARC21slim.xsd">
  <leader>00000nam  2200277u  4500</leader>
  <controlfield tag="001">029122360</controlfield>
  <datafield tag="245" ind1="1" ind2="0">
    <subfield code="a">Review for USMLE :</subfield>
    <subfield code="b">United States Medical Licensing Examination, step 1 /</subfield>
    <subfield code="c">John s. Lazo, Bruce R. Pitt, Joseph C. Glorioso III.</subfield>
  </datafield>
</record>