

<record xmlns="http://www.loc.gov/MARC21/slim"
xmlns:xsi="http://www.w3.org/2001/XMLSchema-instance"
xsi:schemaLocation="http://www.loc.gov/MARC21/slim
http://www.loc.gov/standards/marcxml/schema/MARC21slim.xsd">
  <leader>00000nam  2200205u  4500</leader>
  <controlfield tag="001">029599529</controlfield>
  <datafield tag="245" ind1="1" ind2="0">
    <subfield code="a">Marcucci&apos;s handbook of medical eponyms /</subfield>
    <subfield code="c">Lisa Marcucci.</subfield>
  </datafield>
</record>