

<record xmlns="http://www.loc.gov/MARC21/slim"
xmlns:xsi="http://www.w3.org/2001/XMLSchema-instance"
xsi:schemaLocation="http://www.loc.gov/MARC21/slim
http://www.loc.gov/standards/marcxml/schema/MARC21slim.xsd">
  <leader>00000nam  2200205u  4500</leader>
  <controlfield tag="001">030469847</controlfield>
  <datafield tag="245" ind1="1" ind2="0">
    <subfield code="a">Recognizing clinical patterns:</subfield>
    <subfield code="b">clues to a timely diagnosis /</subfield>
    <subfield code="c">Mark A. Marinella.</subfield>
  </datafield>
</record>