

<record xmlns="http://www.loc.gov/MARC21/slim"
xmlns:xsi="http://www.w3.org/2001/XMLSchema-instance"
xsi:schemaLocation="http://www.loc.gov/MARC21/slim
http://www.loc.gov/standards/marcxml/schema/MARC21slim.xsd">
  <leader>     cas  2200757 a 4500</leader>
  <controlfield tag="001">022121206</controlfield>
  <datafield tag="245" ind1="1" ind2="0">
    <subfield code="a">Morbidity and mortality weekly report.</subfield>
    <subfield code="p">Surveillance summaries :</subfield>
    <subfield code="b">MMWR. Surveillance summaries /</subfield>
    <subfield code="c">CDC.</subfield>
  </datafield>
  <datafield tag="500" ind1=" " ind2=" ">
    <subfield code="a">Issues have also distinctive titles.</subfield>
  </datafield>
  <datafield tag="500" ind1=" " ind2=" ">
    <subfield code="a">Format not distributed to depository libraries.</subfield>
  </datafield>
</record>