

<record xmlns="http://www.loc.gov/MARC21/slim"
xmlns:xsi="http://www.w3.org/2001/XMLSchema-instance"
xsi:schemaLocation="http://www.loc.gov/MARC21/slim
http://www.loc.gov/standards/marcxml/schema/MARC21slim.xsd">
  <leader>00000nmm  2200385Ia 4500</leader>
  <controlfield tag="001">020193168</controlfield>
  <datafield tag="245" ind1="1" ind2="0">
    <subfield code="a">Mosby&apos;s electronic image collection to accompany Nolte&apos;s The human brain : an introduction to its functional anatomy</subfield>
    <subfield code="h">[electronic resource] /</subfield>
    <subfield code="c">John Nolte.</subfield>
  </datafield>
</record>