

<record xmlns="http://www.loc.gov/MARC21/slim"
xmlns:xsi="http://www.w3.org/2001/XMLSchema-instance"
xsi:schemaLocation="http://www.loc.gov/MARC21/slim
http://www.loc.gov/standards/marcxml/schema/MARC21slim.xsd">
  <leader>00000nam  22002174  4500</leader>
  <controlfield tag="001">020327649</controlfield>
  <datafield tag="245" ind1="1" ind2="0">
    <subfield code="a">Challenging physician-patient interactions /</subfield>
    <subfield code="c">David J. Steele, Jeffrey D. Harrison.</subfield>
  </datafield>
  <datafield tag="500" ind1=" " ind2=" ">
    <subfield code="a">This edition is part of the fifth six-year curriculum cycle of the AAFP Home Study Self-Assessment program that began with #217.</subfield>
  </datafield>
</record>