

<record xmlns="http://www.loc.gov/MARC21/slim"
xmlns:xsi="http://www.w3.org/2001/XMLSchema-instance"
xsi:schemaLocation="http://www.loc.gov/MARC21/slim
http://www.loc.gov/standards/marcxml/schema/MARC21slim.xsd">
  <leader>     cam  22004334a 4500</leader>
  <controlfield tag="001">027910285</controlfield>
  <datafield tag="245" ind1="1" ind2="0">
    <subfield code="a">Proteomics in practice</subfield>
    <subfield code="h">[electronic resource] :</subfield>
    <subfield code="b">a laboratory manual of proteome analysis /</subfield>
    <subfield code="c">Reiner Westermeier, Tom Naven.</subfield>
  </datafield>
  <datafield tag="500" ind1=" " ind2=" ">
    <subfield code="a">Title from Wiley&apos;s title page (viewed Aug. 2006).</subfield>
    <subfield code="5">FTaSU</subfield>
  </datafield>
</record>