

<record xmlns="http://www.loc.gov/MARC21/slim"
xmlns:xsi="http://www.w3.org/2001/XMLSchema-instance"
xsi:schemaLocation="http://www.loc.gov/MARC21/slim
http://www.loc.gov/standards/marcxml/schema/MARC21slim.xsd">
  <leader>01822cam  2200481Ia 4500</leader>
  <controlfield tag="001">032252815</controlfield>
  <datafield tag="245" ind1="0" ind2="0">
    <subfield code="a">Stem cell biology and gene therapy</subfield>
    <subfield code="h">[electronic resource] /</subfield>
    <subfield code="c">edited by Peter J. Quesenberry ... [et al.].</subfield>
  </datafield>
  <datafield tag="500" ind1=" " ind2=" ">
    <subfield code="a">Title from title screen (viewed Dec. 30, 2003).</subfield>
  </datafield>
</record>