

<record xmlns="http://www.loc.gov/MARC21/slim"
xmlns:xsi="http://www.w3.org/2001/XMLSchema-instance"
xsi:schemaLocation="http://www.loc.gov/MARC21/slim
http://www.loc.gov/standards/marcxml/schema/MARC21slim.xsd">
  <leader>     cam  2200493 a 4500</leader>
  <controlfield tag="001">028942085</controlfield>
  <datafield tag="245" ind1="0" ind2="0">
    <subfield code="a">Wheater&apos;s basic histopathology :</subfield>
    <subfield code="b">a colour atlas and text.</subfield>
  </datafield>
  <datafield tag="500" ind1=" " ind2=" ">
    <subfield code="a">Includes index.</subfield>
    <subfield code="5">FTaSU</subfield>
    <subfield code="5">FBoU</subfield>
    <subfield code="5">FTS</subfield>
  </datafield>
  <datafield tag="500" ind1=" " ind2=" ">
    <subfield code="a">Previous ed.: published by George Burkitt ... et al, drawings by Philip J. Deakin. 1996.</subfield>
    <subfield code="5">FTS</subfield>
  </datafield>
</record>