

<record xmlns="http://www.loc.gov/MARC21/slim"
xmlns:xsi="http://www.w3.org/2001/XMLSchema-instance"
xsi:schemaLocation="http://www.loc.gov/MARC21/slim
http://www.loc.gov/standards/marcxml/schema/MARC21slim.xsd">
  <leader>01049cam  22003378a 4500</leader>
  <controlfield tag="001">028436055</controlfield>
  <datafield tag="245" ind1="0" ind2="4">
    <subfield code="a">The genetic basis of human cancer /</subfield>
    <subfield code="c">editors, Bert Vogelstein, Kenneth W. Kinzler.</subfield>
  </datafield>
</record>