

<record xmlns="http://www.loc.gov/MARC21/slim"
xmlns:xsi="http://www.w3.org/2001/XMLSchema-instance"
xsi:schemaLocation="http://www.loc.gov/MARC21/slim
http://www.loc.gov/standards/marcxml/schema/MARC21slim.xsd">
  <leader>     nam a22      a 4500</leader>
  <controlfield tag="001">027914379</controlfield>
  <datafield tag="245" ind1="0" ind2="0">
    <subfield code="a">Biological psychiatry /</subfield>
    <subfield code="c">edited by Hugo D&apos;haenen, J. A. den Boer, P. Willner.</subfield>
    <subfield code="h">[electronic resource].</subfield>
  </datafield>
  <datafield tag="500" ind1=" " ind2=" ">
    <subfield code="a">Title from the screen (viewed Aug.25, 2006).</subfield>
  </datafield>
</record>