

<record xmlns="http://www.loc.gov/MARC21/slim"
xmlns:xsi="http://www.w3.org/2001/XMLSchema-instance"
xsi:schemaLocation="http://www.loc.gov/MARC21/slim
http://www.loc.gov/standards/marcxml/schema/MARC21slim.xsd">
  <leader>     cam  22005294a 4500</leader>
  <controlfield tag="001">027910317</controlfield>
  <datafield tag="245" ind1="0" ind2="0">
    <subfield code="a">Psychiatry as a neuroscience</subfield>
    <subfield code="h">[electronic resource] /</subfield>
    <subfield code="c">edited by Juan José López-Ibor ... [et al.].</subfield>
  </datafield>
  <datafield tag="500" ind1=" " ind2=" ">
    <subfield code="a">&quot;Based in part on presentations delivered at the 11th World Congress of Psychiatry, Hamburg, Germany, August 6-11, 1999&quot;--Pref.</subfield>
    <subfield code="5">FTaSU</subfield>
  </datafield>
  <datafield tag="500" ind1=" " ind2=" ">
    <subfield code="a">&quot;World Psychiatric Association&quot;--Cover.</subfield>
    <subfield code="5">FTaSU</subfield>
  </datafield>
  <datafield tag="500" ind1=" " ind2=" ">
    <subfield code="a">Title from Wiley&apos;s title page (viewed Aug.23, 2006).</subfield>
    <subfield code="5">FTaSU</subfield>
  </datafield>
</record>