

<record xmlns="http://www.loc.gov/MARC21/slim"
xmlns:xsi="http://www.w3.org/2001/XMLSchema-instance"
xsi:schemaLocation="http://www.loc.gov/MARC21/slim
http://www.loc.gov/standards/marcxml/schema/MARC21slim.xsd">
  <leader>     nam  22004094a 4500</leader>
  <controlfield tag="001">027896950</controlfield>
  <datafield tag="245" ind1="0" ind2="0">
    <subfield code="a">Ion channels</subfield>
    <subfield code="h">[electronic resource] :</subfield>
    <subfield code="b">from atomic resolution physiology to functional genomics /</subfield>
    <subfield code="c">[editors, Gregory Bock and Jamie A. Goode].</subfield>
  </datafield>
  <datafield tag="500" ind1=" " ind2=" ">
    <subfield code="a">Title from title page (viewed Aug. 17, 2006).</subfield>
    <subfield code="5">FTaSU</subfield>
  </datafield>
</record>