

<record xmlns="http://www.loc.gov/MARC21/slim"
xmlns:xsi="http://www.w3.org/2001/XMLSchema-instance"
xsi:schemaLocation="http://www.loc.gov/MARC21/slim
http://www.loc.gov/standards/marcxml/schema/MARC21slim.xsd">
  <leader>00000cam  2200445ua 4500</leader>
  <controlfield tag="001">027711095</controlfield>
  <datafield tag="245" ind1="0" ind2="0">
    <subfield code="a">Physical medicine and rehabilitation secrets /</subfield>
    <subfield code="c">[edited by] Bryan J. O&apos;Young, Mark A. Young, Steven A. Stiens.</subfield>
  </datafield>
  <datafield tag="500" ind1=" " ind2=" ">
    <subfield code="a">Rev. ed. of: PM&amp;R secrets. c1997.</subfield>
    <subfield code="5">FU</subfield>
    <subfield code="5">FOFT</subfield>
    <subfield code="5">FTaSU</subfield>
  </datafield>
</record>