

<record xmlns="http://www.loc.gov/MARC21/slim"
xmlns:xsi="http://www.w3.org/2001/XMLSchema-instance"
xsi:schemaLocation="http://www.loc.gov/MARC21/slim
http://www.loc.gov/standards/marcxml/schema/MARC21slim.xsd">
  <leader>01981cas a2200565 a 4500</leader>
  <controlfield tag="001">022805007</controlfield>
  <datafield tag="245" ind1="0" ind2="0">
    <subfield code="a">Biomedical engineering online</subfield>
    <subfield code="h">[electronic resource].</subfield>
  </datafield>
  <datafield tag="500" ind1=" " ind2=" ">
    <subfield code="a">Title from BioMed Central archive volume screen (viewed Aug. 16, 2002).</subfield>
  </datafield>
  <datafield tag="500" ind1=" " ind2=" ">
    <subfield code="a">Title from BioMed Central archive volume screen (viewed Aug. 16, 2002).</subfield>
    <subfield code="5">FBoU</subfield>
    <subfield code="5">FTS</subfield>
  </datafield>
  <datafield tag="500" ind1=" " ind2=" ">
    <subfield code="a">Latest issue consulted: Vol. 2 (2003) (viewed July 21, 2003).</subfield>
    <subfield code="5">FBoU</subfield>
    <subfield code="5">FTS</subfield>
  </datafield>
  <datafield tag="500" ind1=" " ind2=" ">
    <subfield code="a">Latest issue consulted: Vol. 1, no. i (2002).</subfield>
    <subfield code="5">FMFIU</subfield>
  </datafield>
  <datafield tag="500" ind1=" " ind2=" ">
    <subfield code="a">Title from caption (viewed Feb. 20, 2003).</subfield>
    <subfield code="5">FMFIU</subfield>
  </datafield>
  <datafield tag="500" ind1=" " ind2=" ">
    <subfield code="a">Title from BioMed Central archive volume screen (viewed Mar.9 2005)</subfield>
    <subfield code="5">FTaSU</subfield>
  </datafield>
</record>