

<record xmlns="http://www.loc.gov/MARC21/slim"
xmlns:xsi="http://www.w3.org/2001/XMLSchema-instance"
xsi:schemaLocation="http://www.loc.gov/MARC21/slim
http://www.loc.gov/standards/marcxml/schema/MARC21slim.xsd">
  <leader>     cam a2200493Mi 4500</leader>
  <controlfield tag="001">022792104</controlfield>
  <datafield tag="245" ind1="0" ind2="0">
    <subfield code="a">Patterson&apos;s allergic diseases /</subfield>
    <subfield code="c">editors, Leslie C. Grammer, Paul A. Greenberger.</subfield>
  </datafield>
  <datafield tag="500" ind1=" " ind2=" ">
    <subfield code="a">Electronic book available via Internet through Lippincott&apos;s Clinical Choice (Books@Ovid).</subfield>
  </datafield>
  <datafield tag="500" ind1=" " ind2=" ">
    <subfield code="a">Rev. ed. of: Allergic diseases : diagnosis and management / edited by Roy Patterson ; associate editors, Leslie Carroll Grammer, Paul A. Greenberger ; with 24 additional contributors. 5th ed. c1997.</subfield>
  </datafield>
</record>