

<record xmlns="http://www.loc.gov/MARC21/slim"
xmlns:xsi="http://www.w3.org/2001/XMLSchema-instance"
xsi:schemaLocation="http://www.loc.gov/MARC21/slim
http://www.loc.gov/standards/marcxml/schema/MARC21slim.xsd">
  <leader>00000nam  2200361u  4500</leader>
  <controlfield tag="001">022784410</controlfield>
  <datafield tag="245" ind1="0" ind2="4">
    <subfield code="a">The Massachusetts General Hospital handbook of pain management /</subfield>
    <subfield code="h">[electronic resource]</subfield>
    <subfield code="c">editor, Jane Ballantyne.</subfield>
  </datafield>
  <datafield tag="500" ind1=" " ind2=" ">
    <subfield code="a">Cancelled access 04/20/2006.</subfield>
    <subfield code="5">FTaSU</subfield>
  </datafield>
</record>