

<record xmlns="http://www.loc.gov/MARC21/slim"
xmlns:xsi="http://www.w3.org/2001/XMLSchema-instance"
xsi:schemaLocation="http://www.loc.gov/MARC21/slim
http://www.loc.gov/standards/marcxml/schema/MARC21slim.xsd">
  <leader>00000nam  22003374  4500</leader>
  <controlfield tag="001">020330764</controlfield>
  <datafield tag="245" ind1="0" ind2="0">
    <subfield code="a">Geriatrics review syllabus :</subfield>
    <subfield code="b">a core curriculum in geriatric medicine /</subfield>
    <subfield code="c">edited by Elizabeth L. Cobbs, Edumund H. Duthie, Jr., John B. Murphy.</subfield>
  </datafield>
</record>