

<record xmlns="http://www.loc.gov/MARC21/slim"
xmlns:xsi="http://www.w3.org/2001/XMLSchema-instance"
xsi:schemaLocation="http://www.loc.gov/MARC21/slim
http://www.loc.gov/standards/marcxml/schema/MARC21slim.xsd">
  <leader>     cas  2200445 a 4500</leader>
  <controlfield tag="001">021360050</controlfield>
  <datafield tag="245" ind1="1" ind2="0">
    <subfield code="a">Advances in neonatal care</subfield>
    <subfield code="h">[electronic resource] :</subfield>
    <subfield code="b">official journal of the National Association of Neonatal Nurses.</subfield>
  </datafield>
  <datafield tag="500" ind1=" " ind2=" ">
    <subfield code="a">Latest issue consulted: Vol. 4, no. 6 (Dec. 2004).</subfield>
    <subfield code="5">FTS</subfield>
  </datafield>
  <datafield tag="500" ind1=" " ind2=" ">
    <subfield code="a">Description based on: Vol. 3, no. 3 (June 2004); title from PDF caption title (ScienceDirect, viewed Jan. 21, 2005).</subfield>
    <subfield code="5">FTS</subfield>
  </datafield>
</record>