

<record xmlns="http://www.loc.gov/MARC21/slim"
xmlns:xsi="http://www.w3.org/2001/XMLSchema-instance"
xsi:schemaLocation="http://www.loc.gov/MARC21/slim
http://www.loc.gov/standards/marcxml/schema/MARC21slim.xsd">
  <leader>02887cas a2200673 a 4500</leader>
  <controlfield tag="001">026076942</controlfield>
  <datafield tag="245" ind1="1" ind2="0">
    <subfield code="a">Ambulatory pediatrics</subfield>
    <subfield code="h">[electronic resource] /</subfield>
    <subfield code="c">Ambulatory Pediatric Association.</subfield>
  </datafield>
  <datafield tag="500" ind1=" " ind2=" ">
    <subfield code="a">Published: New York : Elsevier, 2006-2008.</subfield>
  </datafield>
  <datafield tag="500" ind1=" " ind2=" ">
    <subfield code="a">Title from homepage (viewed May 13, 2002).</subfield>
    <subfield code="5">FTS</subfield>
  </datafield>
  <datafield tag="500" ind1=" " ind2=" ">
    <subfield code="a">Full text coverage :v.1(1) (Jan/Feb 2001)-</subfield>
  </datafield>
  <datafield tag="500" ind1=" " ind2=" ">
    <subfield code="a">Title from homepage (viewed April 24, 2007).</subfield>
  </datafield>
  <datafield tag="500" ind1=" " ind2=" ">
    <subfield code="a">Published: New York : Elsevier, 2006-2008.</subfield>
    <subfield code="5">FTS</subfield>
  </datafield>
  <datafield tag="500" ind1=" " ind2=" ">
    <subfield code="a">Latest issue consulted: Vol. 8, issue 6 (Nov./Dec. 2008) (ScienceDirect, viewed Feb. 3, 2009).</subfield>
    <subfield code="5">FTS</subfield>
  </datafield>
</record>