

<record xmlns="http://www.loc.gov/MARC21/slim"
xmlns:xsi="http://www.w3.org/2001/XMLSchema-instance"
xsi:schemaLocation="http://www.loc.gov/MARC21/slim
http://www.loc.gov/standards/marcxml/schema/MARC21slim.xsd">
  <leader>00000cam  2200289ua 4500</leader>
  <controlfield tag="001">020267626</controlfield>
  <datafield tag="245" ind1="1" ind2="4">
    <subfield code="a">The principles of medical ethics :</subfield>
    <subfield code="b">with annotations especially applicable to psychiatry.</subfield>
  </datafield>
  <datafield tag="500" ind1=" " ind2=" ">
    <subfield code="a">Includes index.</subfield>
    <subfield code="5">FOFT</subfield>
  </datafield>
</record>