

<record xmlns="http://www.loc.gov/MARC21/slim"
xmlns:xsi="http://www.w3.org/2001/XMLSchema-instance"
xsi:schemaLocation="http://www.loc.gov/MARC21/slim
http://www.loc.gov/standards/marcxml/schema/MARC21slim.xsd">
  <leader>02455cas a2200553 a 4500</leader>
  <controlfield tag="001">024518795</controlfield>
  <datafield tag="245" ind1="1" ind2="0">
    <subfield code="a">Best practice &amp; research.</subfield>
    <subfield code="p">Clinical endocrinology &amp; metabolism</subfield>
    <subfield code="h">[electronic resource].</subfield>
  </datafield>
  <datafield tag="500" ind1=" " ind2=" ">
    <subfield code="a">Each issue also has a distinctive title.</subfield>
  </datafield>
  <datafield tag="500" ind1=" " ind2=" ">
    <subfield code="a">Each issue also has a distinctive title.</subfield>
    <subfield code="5">FTaSU</subfield>
    <subfield code="5">FBoU</subfield>
  </datafield>
  <datafield tag="500" ind1=" " ind2=" ">
    <subfield code="a">Title from journal homepage screen (ScienceDirect, viewed on May 31, 2006).</subfield>
    <subfield code="5">FOFT</subfield>
  </datafield>
</record>