

<record xmlns="http://www.loc.gov/MARC21/slim"
xmlns:xsi="http://www.w3.org/2001/XMLSchema-instance"
xsi:schemaLocation="http://www.loc.gov/MARC21/slim
http://www.loc.gov/standards/marcxml/schema/MARC21slim.xsd">
  <leader>     cas  2200529 a 4500</leader>
  <controlfield tag="001">024385139</controlfield>
  <datafield tag="245" ind1="0" ind2="0">
    <subfield code="a">BMC anesthesiology</subfield>
    <subfield code="h">[electronic resource].</subfield>
  </datafield>
  <datafield tag="500" ind1=" " ind2=" ">
    <subfield code="a">Title from caption (viewed May 23, 2003).</subfield>
    <subfield code="5">FMFIU</subfield>
  </datafield>
  <datafield tag="500" ind1=" " ind2=" ">
    <subfield code="a">Title from caption (viewed Mar.9, 2003).</subfield>
    <subfield code="5">FTaSU</subfield>
  </datafield>
  <datafield tag="500" ind1=" " ind2=" ">
    <subfield code="a">Latest issue consulted: Vol. 2, no 1 (2002).</subfield>
    <subfield code="5">FMFIU</subfield>
    <subfield code="5">FBoU</subfield>
  </datafield>
  <datafield tag="500" ind1=" " ind2=" ">
    <subfield code="a">Title from BioMedCentral archive screen (viewed Dec. 17, 2001).</subfield>
    <subfield code="5">FBoU</subfield>
  </datafield>
  <datafield tag="500" ind1=" " ind2=" ">
    <subfield code="a">Title from journal articles screen (BioMed Central, viewed on June 29, 2009).</subfield>
    <subfield code="5">FOFT</subfield>
  </datafield>
</record>