

<record xmlns="http://www.loc.gov/MARC21/slim"
xmlns:xsi="http://www.w3.org/2001/XMLSchema-instance"
xsi:schemaLocation="http://www.loc.gov/MARC21/slim
http://www.loc.gov/standards/marcxml/schema/MARC21slim.xsd">
  <leader>     cas  2200505 a 4500</leader>
  <controlfield tag="001">024420530</controlfield>
  <datafield tag="245" ind1="0" ind2="0">
    <subfield code="a">BMC neurology</subfield>
    <subfield code="h">[electronic resource]</subfield>
  </datafield>
  <datafield tag="500" ind1=" " ind2=" ">
    <subfield code="a">Latest issue consulted: Vol. 2, no. 1 (2002).</subfield>
    <subfield code="5">FBoU</subfield>
  </datafield>
  <datafield tag="500" ind1=" " ind2=" ">
    <subfield code="a">Title from BioMed Central archive volume screen (viewed Feb. 20, 2002).</subfield>
    <subfield code="5">FBoU</subfield>
  </datafield>
  <datafield tag="500" ind1=" " ind2=" ">
    <subfield code="a">Latest issue consulted: Vol. 3, no. 1, 2003.</subfield>
    <subfield code="5">FMFIU</subfield>
  </datafield>
  <datafield tag="500" ind1=" " ind2=" ">
    <subfield code="a">Title from caption (viewed June 1, 2003).</subfield>
    <subfield code="5">FMFIU</subfield>
  </datafield>
</record>