

<record xmlns="http://www.loc.gov/MARC21/slim"
xmlns:xsi="http://www.w3.org/2001/XMLSchema-instance"
xsi:schemaLocation="http://www.loc.gov/MARC21/slim
http://www.loc.gov/standards/marcxml/schema/MARC21slim.xsd">
  <leader>00000nam  22002294  4500</leader>
  <controlfield tag="001">029826244</controlfield>
  <datafield tag="245" ind1="1" ind2="0">
    <subfield code="a">Doctors cry, too :</subfield>
    <subfield code="b">essays from the heart of a physician /</subfield>
    <subfield code="c">Frank H. Boehm.</subfield>
  </datafield>
</record>