

<record xmlns="http://www.loc.gov/MARC21/slim"
xmlns:xsi="http://www.w3.org/2001/XMLSchema-instance"
xsi:schemaLocation="http://www.loc.gov/MARC21/slim
http://www.loc.gov/standards/marcxml/schema/MARC21slim.xsd">
  <leader>00000nam  2200361u  4500</leader>
  <controlfield tag="001">022762923</controlfield>
  <datafield tag="245" ind1="1" ind2="0">
    <subfield code="a">Bonica&apos;s management of pain /</subfield>
    <subfield code="h">[electronic resource]</subfield>
    <subfield code="c">editor, John D. Loeser;associate editors, Stephen H. Butler, C. Richard Chapman, Dennis C. Turk;illustrator, Marjorie Domenowske.</subfield>
  </datafield>
  <datafield tag="500" ind1=" " ind2=" ">
    <subfield code="a">Rev. ed. of:The management of pain /[edited by]John J. Bonica, with collaboration of John D. Loeser, C. Richard Chapmen, Wilbert E. Fordyce. 2nd ed. 1990.</subfield>
  </datafield>
  <datafield tag="500" ind1=" " ind2=" ">
    <subfield code="a">Cancelled access 4/20/2006.</subfield>
    <subfield code="5">FTaSU</subfield>
  </datafield>
</record>