

<record xmlns="http://www.loc.gov/MARC21/slim"
xmlns:xsi="http://www.w3.org/2001/XMLSchema-instance"
xsi:schemaLocation="http://www.loc.gov/MARC21/slim
http://www.loc.gov/standards/marcxml/schema/MARC21slim.xsd">
  <leader>00896pam  22003014a 4500</leader>
  <controlfield tag="001">027460060</controlfield>
  <datafield tag="245" ind1="0" ind2="0">
    <subfield code="a">Crush step 3 :</subfield>
    <subfield code="b">the ultimate USMLE step 3 review /</subfield>
    <subfield code="c">edited by Adam Brochert.</subfield>
  </datafield>
  <datafield tag="500" ind1=" " ind2=" ">
    <subfield code="a">Includes index.</subfield>
    <subfield code="5">FU</subfield>
    <subfield code="5">FTaSU</subfield>
  </datafield>
</record>