

<record xmlns="http://www.loc.gov/MARC21/slim"
xmlns:xsi="http://www.w3.org/2001/XMLSchema-instance"
xsi:schemaLocation="http://www.loc.gov/MARC21/slim
http://www.loc.gov/standards/marcxml/schema/MARC21slim.xsd">
  <leader>     cam  2200253Ia 4500</leader>
  <controlfield tag="001">023945014</controlfield>
  <datafield tag="245" ind1="1" ind2="0">
    <subfield code="a">Constructing written test questions for the basic and clinical sciences /</subfield>
    <subfield code="c">Susan M. Case, David B. Swanson.</subfield>
  </datafield>
</record>