

<record xmlns="http://www.loc.gov/MARC21/slim"
xmlns:xsi="http://www.w3.org/2001/XMLSchema-instance"
xsi:schemaLocation="http://www.loc.gov/MARC21/slim
http://www.loc.gov/standards/marcxml/schema/MARC21slim.xsd">
  <leader>     cam  22004334a 4500</leader>
  <controlfield tag="001">029596169</controlfield>
  <datafield tag="245" ind1="1" ind2="0">
    <subfield code="a">Pocket guide to ECG diagnosis /</subfield>
    <subfield code="c">Edward K. Chung.</subfield>
  </datafield>
</record>