

<record xmlns="http://www.loc.gov/MARC21/slim"
xmlns:xsi="http://www.w3.org/2001/XMLSchema-instance"
xsi:schemaLocation="http://www.loc.gov/MARC21/slim
http://www.loc.gov/standards/marcxml/schema/MARC21slim.xsd">
  <leader>00000nam  2200337u  4500</leader>
  <controlfield tag="001">022921999</controlfield>
  <datafield tag="245" ind1="1" ind2="0">
    <subfield code="a">Color atlas and synopsis of clinical dermatology :</subfield>
    <subfield code="b">common and serious diseases/</subfield>
    <subfield code="h">[electronic resource]</subfield>
    <subfield code="c">Thomas B. Fitzpatrick..[et al.].</subfield>
  </datafield>
</record>