

<record xmlns="http://www.loc.gov/MARC21/slim"
xmlns:xsi="http://www.w3.org/2001/XMLSchema-instance"
xsi:schemaLocation="http://www.loc.gov/MARC21/slim
http://www.loc.gov/standards/marcxml/schema/MARC21slim.xsd">
  <leader>03029cas a2200709 a 4500</leader>
  <controlfield tag="001">022609759</controlfield>
  <datafield tag="245" ind1="1" ind2="0">
    <subfield code="a">Current problems in pediatric and adolescent health care</subfield>
    <subfield code="h">[electronic resource].</subfield>
  </datafield>
  <datafield tag="500" ind1=" " ind2=" ">
    <subfield code="a">Title from title screen (viewed Nov. 28, 2001).</subfield>
  </datafield>
  <datafield tag="500" ind1=" " ind2=" ">
    <subfield code="a">Title from journal homepage screen (ScienceDirect, viewed on June 27, 2006).</subfield>
    <subfield code="5">FOFT</subfield>
  </datafield>
  <datafield tag="500" ind1=" " ind2=" ">
    <subfield code="a">Title from title screen (viewed Nov. 28, 2001).</subfield>
    <subfield code="5">FU</subfield>
    <subfield code="5">FBoU</subfield>
    <subfield code="5">FMFIU</subfield>
  </datafield>
  <datafield tag="500" ind1=" " ind2=" ">
    <subfield code="a">Title from title screen (viewed Sep. 13, 2011).</subfield>
    <subfield code="5">FTaSU</subfield>
  </datafield>
  <datafield tag="500" ind1=" " ind2=" ">
    <subfield code="a">Latest issue consulted: Vol. 31, no. 9 (Oct. 2001).</subfield>
    <subfield code="5">FU</subfield>
    <subfield code="5">FBoU</subfield>
  </datafield>
  <datafield tag="500" ind1=" " ind2=" ">
    <subfield code="a">Latest issue consulted: Vol. 38, no. 8 (Sept. 2005) (viewed sciencedirect website Sept. 8, 2005).</subfield>
    <subfield code="5">FMFIU</subfield>
  </datafield>
</record>