

<record xmlns="http://www.loc.gov/MARC21/slim"
xmlns:xsi="http://www.w3.org/2001/XMLSchema-instance"
xsi:schemaLocation="http://www.loc.gov/MARC21/slim
http://www.loc.gov/standards/marcxml/schema/MARC21slim.xsd">
  <leader>00000nam  2200193u  4500</leader>
  <controlfield tag="001">030402454</controlfield>
  <datafield tag="245" ind1="1" ind2="0">
    <subfield code="a">Graduate medical education in Florida :</subfield>
    <subfield code="b">findings and recommendations/</subfield>
    <subfield code="c">submitted by Florida State University College of Medicine.</subfield>
  </datafield>
  <datafield tag="500" ind1=" " ind2=" ">
    <subfield code="a">In response to the Provisions of Section 240.2997 (5), Florida Statutes.</subfield>
    <subfield code="5">FTaSU</subfield>
  </datafield>
</record>