

<record xmlns="http://www.loc.gov/MARC21/slim"
xmlns:xsi="http://www.w3.org/2001/XMLSchema-instance"
xsi:schemaLocation="http://www.loc.gov/MARC21/slim
http://www.loc.gov/standards/marcxml/schema/MARC21slim.xsd">
  <leader>01428nmm  22003494a 4500</leader>
  <controlfield tag="001">020165838</controlfield>
  <datafield tag="245" ind1="1" ind2="0">
    <subfield code="a">Interactive neuroanatomy</subfield>
    <subfield code="h">[electronic resource] :</subfield>
    <subfield code="b">an atlas of structures, sections, and systems /</subfield>
    <subfield code="c">Duane E. Haines.</subfield>
  </datafield>
  <datafield tag="500" ind1=" " ind2=" ">
    <subfield code="a">Title from disc label.</subfield>
    <subfield code="5">FTaFA</subfield>
    <subfield code="5">FTaSU</subfield>
  </datafield>
  <datafield tag="500" ind1=" " ind2=" ">
    <subfield code="a">Based on Neuroanatomy / Duane E. Haines. c2000.</subfield>
    <subfield code="5">FTaFA</subfield>
    <subfield code="5">FTaSU</subfield>
  </datafield>
</record>