

<record xmlns="http://www.loc.gov/MARC21/slim"
xmlns:xsi="http://www.w3.org/2001/XMLSchema-instance"
xsi:schemaLocation="http://www.loc.gov/MARC21/slim
http://www.loc.gov/standards/marcxml/schema/MARC21slim.xsd">
  <leader>00000nam  2200397u  4500</leader>
  <controlfield tag="001">022699100</controlfield>
  <datafield tag="245" ind1="1" ind2="0">
    <subfield code="a">Heart disease:</subfield>
    <subfield code="h">[electronic resource]</subfield>
    <subfield code="b">a textbook of cardiovascular medicine /</subfield>
    <subfield code="c">edited by Eugene Braunwald, Douglas P. Zipes, Peter Libby.</subfield>
  </datafield>
  <datafield tag="500" ind1=" " ind2=" ">
    <subfield code="a">Title from the screen (viewed May 29, 2003).</subfield>
  </datafield>
</record>