

<record xmlns="http://www.loc.gov/MARC21/slim"
xmlns:xsi="http://www.w3.org/2001/XMLSchema-instance"
xsi:schemaLocation="http://www.loc.gov/MARC21/slim
http://www.loc.gov/standards/marcxml/schema/MARC21slim.xsd">
  <leader>01130cam  22003254a 4500</leader>
  <controlfield tag="001">025122369</controlfield>
  <datafield tag="245" ind1="1" ind2="0">
    <subfield code="a">Biological psychology /</subfield>
    <subfield code="c">James W. Kalat.</subfield>
  </datafield>
</record>