

<record xmlns="http://www.loc.gov/MARC21/slim"
xmlns:xsi="http://www.w3.org/2001/XMLSchema-instance"
xsi:schemaLocation="http://www.loc.gov/MARC21/slim
http://www.loc.gov/standards/marcxml/schema/MARC21slim.xsd">
  <leader>     cam  22004694a 4500</leader>
  <controlfield tag="001">021036237</controlfield>
  <datafield tag="245" ind1="1" ind2="0">
    <subfield code="a">Building a medical vocabulary :</subfield>
    <subfield code="b">with Spanish translations /</subfield>
    <subfield code="c">Peggy C. Leonard.</subfield>
  </datafield>
  <datafield tag="500" ind1=" " ind2=" ">
    <subfield code="a">CD-ROM contains additional excercises and audio pronunciations of key terms.</subfield>
    <subfield code="5">FPeU</subfield>
  </datafield>
  <datafield tag="500" ind1=" " ind2=" ">
    <subfield code="a">&quot;With Spanish translations.&quot;</subfield>
    <subfield code="5">FPeU</subfield>
  </datafield>
  <datafield tag="590" ind1=" " ind2=" ">
    <subfield code="a">Accompanying CDROM in separate container.</subfield>
    <subfield code="5">FJUNF</subfield>
  </datafield>
</record>