

<record xmlns="http://www.loc.gov/MARC21/slim"
xmlns:xsi="http://www.w3.org/2001/XMLSchema-instance"
xsi:schemaLocation="http://www.loc.gov/MARC21/slim
http://www.loc.gov/standards/marcxml/schema/MARC21slim.xsd">
  <leader>     pam  22003854a 4500</leader>
  <controlfield tag="001">029262112</controlfield>
  <datafield tag="245" ind1="1" ind2="0">
    <subfield code="a">Sensible application of the ECG :</subfield>
    <subfield code="b">a pocket guide /</subfield>
    <subfield code="c">Kathryn Monica Lewis, Kathleen A. Handal.</subfield>
  </datafield>
</record>