

<record xmlns="http://www.loc.gov/MARC21/slim"
xmlns:xsi="http://www.w3.org/2001/XMLSchema-instance"
xsi:schemaLocation="http://www.loc.gov/MARC21/slim
http://www.loc.gov/standards/marcxml/schema/MARC21slim.xsd">
  <leader>     cam  22004214a 4500</leader>
  <controlfield tag="001">029779314</controlfield>
  <datafield tag="245" ind1="1" ind2="0">
    <subfield code="a">Problems and solutions for Strachan &amp; Read&apos;s Human molecular genetics 2 /</subfield>
    <subfield code="c">David J. Matthes.</subfield>
  </datafield>
</record>