

<record xmlns="http://www.loc.gov/MARC21/slim"
xmlns:xsi="http://www.w3.org/2001/XMLSchema-instance"
xsi:schemaLocation="http://www.loc.gov/MARC21/slim
http://www.loc.gov/standards/marcxml/schema/MARC21slim.xsd">
  <leader>00000cam  2200289ua 4500</leader>
  <controlfield tag="001">025335299</controlfield>
  <datafield tag="245" ind1="1" ind2="0">
    <subfield code="a">Atlas of bone marrow and blood pathology /</subfield>
    <subfield code="c">Faramarz Naeim.</subfield>
  </datafield>
</record>