

<record xmlns="http://www.loc.gov/MARC21/slim"
xmlns:xsi="http://www.w3.org/2001/XMLSchema-instance"
xsi:schemaLocation="http://www.loc.gov/MARC21/slim
http://www.loc.gov/standards/marcxml/schema/MARC21slim.xsd">
  <leader>     cam  2200709Ia 4500</leader>
  <controlfield tag="001">027887783</controlfield>
  <datafield tag="245" ind1="1" ind2="0">
    <subfield code="a">Biostatistical methods in epidemiology</subfield>
    <subfield code="h">[electronic resource] /</subfield>
    <subfield code="c">Stephen C. Newman.</subfield>
  </datafield>
  <datafield tag="500" ind1=" " ind2=" ">
    <subfield code="a">&quot;A Wiley-Interscience publication.&quot;</subfield>
    <subfield code="5">FTaSU</subfield>
  </datafield>
  <datafield tag="500" ind1=" " ind2=" ">
    <subfield code="a">Title from Wiley&apos;s page (viewed Aug. 14, 2006).</subfield>
    <subfield code="5">FTaSU</subfield>
  </datafield>
  <datafield tag="500" ind1=" " ind2=" ">
    <subfield code="a">&quot;A Wiley-Interscience publication.&quot;</subfield>
  </datafield>
</record>