

<record xmlns="http://www.loc.gov/MARC21/slim"
xmlns:xsi="http://www.w3.org/2001/XMLSchema-instance"
xsi:schemaLocation="http://www.loc.gov/MARC21/slim
http://www.loc.gov/standards/marcxml/schema/MARC21slim.xsd">
  <leader>00000cam  2200373ua 4500</leader>
  <controlfield tag="001">029434427</controlfield>
  <datafield tag="245" ind1="1" ind2="0">
    <subfield code="a">Pocket guide to intravenous therapy /</subfield>
    <subfield code="c">Shirley E. Otto.</subfield>
  </datafield>
  <datafield tag="500" ind1=" " ind2=" ">
    <subfield code="a">Rev. ed. of: Pocket guide to intravenous therapy / Joanne C. LaRocca, Shirley E. Otto. 3rd ed. c1997</subfield>
    <subfield code="5">FTaSU</subfield>
  </datafield>
</record>