

<record xmlns="http://www.loc.gov/MARC21/slim"
xmlns:xsi="http://www.w3.org/2001/XMLSchema-instance"
xsi:schemaLocation="http://www.loc.gov/MARC21/slim
http://www.loc.gov/standards/marcxml/schema/MARC21slim.xsd">
  <leader>00000cas  22003974a 4500</leader>
  <controlfield tag="001">021533088</controlfield>
  <datafield tag="245" ind1="1" ind2="0">
    <subfield code="a">Pediatric case reviews</subfield>
    <subfield code="h">[electronic resource].</subfield>
  </datafield>
  <datafield tag="500" ind1=" " ind2=" ">
    <subfield code="a">Full text coverage as of v.1(1) (Oct. 2001)-v.3(4) (Oct.2003).</subfield>
    <subfield code="5">FTaSU</subfield>
  </datafield>
  <datafield tag="500" ind1=" " ind2=" ">
    <subfield code="a">Title from journal home page of HTML (viewed Feb. 27, 2004).</subfield>
    <subfield code="5">FTaSU</subfield>
  </datafield>
  <datafield tag="500" ind1=" " ind2=" ">
    <subfield code="a">Description based on: Vol. 2, issue 4 (Oct. 2002); title from journal home page of HTML.</subfield>
    <subfield code="5">FU</subfield>
  </datafield>
</record>