

<record xmlns="http://www.loc.gov/MARC21/slim"
xmlns:xsi="http://www.w3.org/2001/XMLSchema-instance"
xsi:schemaLocation="http://www.loc.gov/MARC21/slim
http://www.loc.gov/standards/marcxml/schema/MARC21slim.xsd">
  <leader>00000cam  2200301ua 4500</leader>
  <controlfield tag="001">024498256</controlfield>
  <datafield tag="245" ind1="1" ind2="0">
    <subfield code="a">Mosby&apos;s 2001 nursing drug reference /</subfield>
    <subfield code="c">Linda Skidmore-Roth.</subfield>
  </datafield>
  <datafield tag="500" ind1=" " ind2=" ">
    <subfield code="a">Includes Herbal remedies cd-rom.</subfield>
    <subfield code="5">FU</subfield>
    <subfield code="5">FBoU</subfield>
    <subfield code="5">FTaSU</subfield>
  </datafield>
</record>