

<record xmlns="http://www.loc.gov/MARC21/slim"
xmlns:xsi="http://www.w3.org/2001/XMLSchema-instance"
xsi:schemaLocation="http://www.loc.gov/MARC21/slim
http://www.loc.gov/standards/marcxml/schema/MARC21slim.xsd">
  <leader>00000nam  2200349u  4500</leader>
  <controlfield tag="001">022855342</controlfield>
  <datafield tag="245" ind1="1" ind2="0">
    <subfield code="a">Surgery :</subfield>
    <subfield code="b">scientific principles and practice /</subfield>
    <subfield code="h">[electronic resource]</subfield>
    <subfield code="c">editor-in-chief, Lazar J. Greenfield.</subfield>
  </datafield>
  <datafield tag="500" ind1=" " ind2=" ">
    <subfield code="a">Cancelled access 4/20/2006.</subfield>
    <subfield code="5">FTaSU</subfield>
  </datafield>
</record>