

<record xmlns="http://www.loc.gov/MARC21/slim"
xmlns:xsi="http://www.w3.org/2001/XMLSchema-instance"
xsi:schemaLocation="http://www.loc.gov/MARC21/slim
http://www.loc.gov/standards/marcxml/schema/MARC21slim.xsd">
  <leader>00000nam  2200205u  4500</leader>
  <controlfield tag="001">030461204</controlfield>
  <datafield tag="245" ind1="0" ind2="0">
    <subfield code="a">Current protocols in magnetic resonance imaging /</subfield>
    <subfield code="c">editorial board, E. Mark Haacke ...[et al.].</subfield>
  </datafield>
  <datafield tag="500" ind1=" " ind2=" ">
    <subfield code="a">Kept up to date by quarterly supplements till 2004.</subfield>
    <subfield code="5">FTaSU</subfield>
  </datafield>
</record>