

<record xmlns="http://www.loc.gov/MARC21/slim"
xmlns:xsi="http://www.w3.org/2001/XMLSchema-instance"
xsi:schemaLocation="http://www.loc.gov/MARC21/slim
http://www.loc.gov/standards/marcxml/schema/MARC21slim.xsd">
  <leader>     cam  2200505 a 4500</leader>
  <controlfield tag="001">030401888</controlfield>
  <datafield tag="245" ind1="0" ind2="4">
    <subfield code="a">The health care workforce in ten states :</subfield>
    <subfield code="b">education, practice, and policy : interstate comparisons : California, Connecticut, Florida, Illinois, Iowa, Texas, Utah, Washington, West Virginia, Wisconsin.</subfield>
  </datafield>
  <datafield tag="500" ind1=" " ind2=" ">
    <subfield code="a">Cover title.</subfield>
  </datafield>
  <datafield tag="500" ind1=" " ind2=" ">
    <subfield code="a">&quot;Spring 2001.&quot;</subfield>
  </datafield>
</record>