

<record xmlns="http://www.loc.gov/MARC21/slim"
xmlns:xsi="http://www.w3.org/2001/XMLSchema-instance"
xsi:schemaLocation="http://www.loc.gov/MARC21/slim
http://www.loc.gov/standards/marcxml/schema/MARC21slim.xsd">
  <leader>     cam  22006254a 4500</leader>
  <controlfield tag="001">030327709</controlfield>
  <datafield tag="245" ind1="0" ind2="0">
    <subfield code="a">Practical management of depression in older people /</subfield>
    <subfield code="c">edited by Stephen Curran, John P. Wattis, Sean Lynch.</subfield>
  </datafield>
</record>