

<record xmlns="http://www.loc.gov/MARC21/slim"
xmlns:xsi="http://www.w3.org/2001/XMLSchema-instance"
xsi:schemaLocation="http://www.loc.gov/MARC21/slim
http://www.loc.gov/standards/marcxml/schema/MARC21slim.xsd">
  <leader>00000nmm  2200277u  4500</leader>
  <controlfield tag="001">029457402</controlfield>
  <datafield tag="245" ind1="1" ind2="0">
    <subfield code="a">All about outcomes</subfield>
    <subfield code="h">[electronic resource]:</subfield>
    <subfield code="b">an educational program to help you understand, evaluate, and choose adult outcome measures /</subfield>
    <subfield code="c">Mary Law.. [et.al.].</subfield>
  </datafield>
  <datafield tag="500" ind1=" " ind2=" ">
    <subfield code="a">Title from disc label.</subfield>
    <subfield code="5">FTaSU</subfield>
  </datafield>
</record>