

<record xmlns="http://www.loc.gov/MARC21/slim"
xmlns:xsi="http://www.w3.org/2001/XMLSchema-instance"
xsi:schemaLocation="http://www.loc.gov/MARC21/slim
http://www.loc.gov/standards/marcxml/schema/MARC21slim.xsd">
  <leader>     cam  2200889Ia 4500</leader>
  <controlfield tag="001">027913565</controlfield>
  <datafield tag="245" ind1="0" ind2="0">
    <subfield code="a">Transcription factors</subfield>
    <subfield code="h">[electronic resource] :</subfield>
    <subfield code="b">normal and malignant development of blood cells /</subfield>
    <subfield code="c">edited by Katya Ravid, Jonathan D. Licht.</subfield>
  </datafield>
  <datafield tag="500" ind1=" " ind2=" ">
    <subfield code="a">Description based on title from title screen (viewed Aut25, 2006).</subfield>
    <subfield code="5">FTaSU</subfield>
  </datafield>
</record>