

<record xmlns="http://www.loc.gov/MARC21/slim"
xmlns:xsi="http://www.w3.org/2001/XMLSchema-instance"
xsi:schemaLocation="http://www.loc.gov/MARC21/slim
http://www.loc.gov/standards/marcxml/schema/MARC21slim.xsd">
  <leader>     cam  2200709Ia 4500</leader>
  <controlfield tag="001">027905417</controlfield>
  <datafield tag="245" ind1="0" ind2="0">
    <subfield code="a">Molecular biology problem solver</subfield>
    <subfield code="h">[electronic resource] :</subfield>
    <subfield code="b">a laboratory guide /</subfield>
    <subfield code="c">edited by Alan S. Gerstein.</subfield>
  </datafield>
  <datafield tag="500" ind1=" " ind2=" ">
    <subfield code="a">Title from Wiley&apos;s title page (viewed Aug. 21, 2006).</subfield>
  </datafield>
</record>