

<record xmlns="http://www.loc.gov/MARC21/slim"
xmlns:xsi="http://www.w3.org/2001/XMLSchema-instance"
xsi:schemaLocation="http://www.loc.gov/MARC21/slim
http://www.loc.gov/standards/marcxml/schema/MARC21slim.xsd">
  <leader>     cam  22003614a 4500</leader>
  <controlfield tag="001">027886954</controlfield>
  <datafield tag="245" ind1="0" ind2="3">
    <subfield code="a">An introduction to molecular medicine and gene therapy</subfield>
    <subfield code="h">[electronic resource] /</subfield>
    <subfield code="c">edited by Thomas F. Kresina.</subfield>
  </datafield>
  <datafield tag="500" ind1=" " ind2=" ">
    <subfield code="a">Title from title page (viewed Aug 14, 2006).</subfield>
    <subfield code="5">FTaSU</subfield>
  </datafield>
</record>