

<record xmlns="http://www.loc.gov/MARC21/slim"
xmlns:xsi="http://www.w3.org/2001/XMLSchema-instance"
xsi:schemaLocation="http://www.loc.gov/MARC21/slim
http://www.loc.gov/standards/marcxml/schema/MARC21slim.xsd">
  <leader>00000nam  2200349u  4500</leader>
  <controlfield tag="001">022747976</controlfield>
  <datafield tag="245" ind1="0" ind2="0">
    <subfield code="a">Diagnosis and treatment of lung cancer</subfield>
    <subfield code="h">[electronic resource] :</subfield>
    <subfield code="b">an evidence-based guide for the practicing clinician /</subfield>
    <subfield code="c">Frank C. Detterbeck ...[et al.].</subfield>
  </datafield>
</record>