

<record xmlns="http://www.loc.gov/MARC21/slim"
xmlns:xsi="http://www.w3.org/2001/XMLSchema-instance"
xsi:schemaLocation="http://www.loc.gov/MARC21/slim
http://www.loc.gov/standards/marcxml/schema/MARC21slim.xsd">
  <leader>     cam  2200409Ia 4500</leader>
  <controlfield tag="001">022729516</controlfield>
  <datafield tag="245" ind1="0" ind2="0">
    <subfield code="a">Infection control reference service</subfield>
    <subfield code="h">[electronic resource] :</subfield>
    <subfield code="b">the experts&apos; guide to the guidelines /</subfield>
    <subfield code="c">[edited by] Elias Abrutyn ; associate editors, Donald A. Goldmann, William E. Scheckler.</subfield>
  </datafield>
  <datafield tag="500" ind1=" " ind2=" ">
    <subfield code="a">Title from Web page (viewed July 9, 2004).</subfield>
  </datafield>
</record>