

<record xmlns="http://www.loc.gov/MARC21/slim"
xmlns:xsi="http://www.w3.org/2001/XMLSchema-instance"
xsi:schemaLocation="http://www.loc.gov/MARC21/slim
http://www.loc.gov/standards/marcxml/schema/MARC21slim.xsd">
  <leader>     cmm  2200349Ia 4500</leader>
  <controlfield tag="001">022717074</controlfield>
  <datafield tag="245" ind1="0" ind2="0">
    <subfield code="a">Principles and practice of implant dentistry</subfield>
    <subfield code="h">[electronic resources] /</subfield>
    <subfield code="c">Charles M. Weiss, Adam Weiss.</subfield>
  </datafield>
  <datafield tag="500" ind1=" " ind2=" ">
    <subfield code="a">sub cancelled 4/15/2009.</subfield>
    <subfield code="5">FTaSU</subfield>
  </datafield>
</record>