

<record xmlns="http://www.loc.gov/MARC21/slim"
xmlns:xsi="http://www.w3.org/2001/XMLSchema-instance"
xsi:schemaLocation="http://www.loc.gov/MARC21/slim
http://www.loc.gov/standards/marcxml/schema/MARC21slim.xsd">
  <leader>00000nas  2200313u  4500</leader>
  <controlfield tag="001">022182616</controlfield>
  <datafield tag="245" ind1="0" ind2="4">
    <subfield code="a">The American journal of bioethics :</subfield>
    <subfield code="b">AJOB.</subfield>
  </datafield>
  <datafield tag="500" ind1=" " ind2=" ">
    <subfield code="a">Title from the cover.</subfield>
    <subfield code="5">FTaSU</subfield>
  </datafield>
</record>