

<record xmlns="http://www.loc.gov/MARC21/slim"
xmlns:xsi="http://www.w3.org/2001/XMLSchema-instance"
xsi:schemaLocation="http://www.loc.gov/MARC21/slim
http://www.loc.gov/standards/marcxml/schema/MARC21slim.xsd">
  <leader>00000cam  2200313ua 4500</leader>
  <controlfield tag="001">022000398</controlfield>
  <datafield tag="245" ind1="0" ind2="0">
    <subfield code="a">Medical terminology made incredibly easy.</subfield>
  </datafield>
  <datafield tag="500" ind1=" " ind2=" ">
    <subfield code="a">Includes index.</subfield>
    <subfield code="5">FJUNF</subfield>
    <subfield code="5">FTaSU</subfield>
    <subfield code="5">FTS</subfield>
    <subfield code="5">FOFT</subfield>
  </datafield>
</record>