

<record xmlns="http://www.loc.gov/MARC21/slim"
xmlns:xsi="http://www.w3.org/2001/XMLSchema-instance"
xsi:schemaLocation="http://www.loc.gov/MARC21/slim
http://www.loc.gov/standards/marcxml/schema/MARC21slim.xsd">
  <leader>03418nam  2200529Ia 4500</leader>
  <controlfield tag="001">021050649</controlfield>
  <datafield tag="245" ind1="0" ind2="0">
    <subfield code="a">Bioinformatics</subfield>
    <subfield code="h">[electronic resource] :</subfield>
    <subfield code="b">a practical guide to the analysis of genes and proteins /</subfield>
    <subfield code="c">[edited by] Andreas D. Baxevanis, B.F. Francis Ouellette.</subfield>
  </datafield>
</record>