

<record xmlns="http://www.loc.gov/MARC21/slim"
xmlns:xsi="http://www.w3.org/2001/XMLSchema-instance"
xsi:schemaLocation="http://www.loc.gov/MARC21/slim
http://www.loc.gov/standards/marcxml/schema/MARC21slim.xsd">
  <leader>00000nam  2200325u  4500</leader>
  <controlfield tag="001">022762099</controlfield>
  <datafield tag="245" ind1="1" ind2="4">
    <subfield code="a">The 5 minute urology consult /</subfield>
    <subfield code="c">editor, Leonard G. Gomella.</subfield>
  </datafield>
  <datafield tag="500" ind1=" " ind2=" ">
    <subfield code="a">Cancelled access 4/20/2006.</subfield>
    <subfield code="5">FTaSU</subfield>
  </datafield>
</record>