

<record xmlns="http://www.loc.gov/MARC21/slim"
xmlns:xsi="http://www.w3.org/2001/XMLSchema-instance"
xsi:schemaLocation="http://www.loc.gov/MARC21/slim
http://www.loc.gov/standards/marcxml/schema/MARC21slim.xsd">
  <leader>02751cas a2200721 a 4500</leader>
  <controlfield tag="001">020823621</controlfield>
  <datafield tag="245" ind1="1" ind2="0">
    <subfield code="a">Advances in skin &amp; wound care</subfield>
    <subfield code="h">[electronic resource].</subfield>
  </datafield>
  <datafield tag="500" ind1=" " ind2=" ">
    <subfield code="a">Published: Hagerstown, MD : Lippincott Williams &amp; Wilkins, &lt;2004-&gt;.</subfield>
  </datafield>
  <datafield tag="500" ind1=" " ind2=" ">
    <subfield code="a">Published: Hagerstown, MD : Lippincott Williams &amp; Wilkins, &lt;2004-&gt;</subfield>
    <subfield code="5">FBoU</subfield>
  </datafield>
  <datafield tag="500" ind1=" " ind2=" ">
    <subfield code="a">Full text available v. 13, no. 1 (Jan/Feb. 2000)-</subfield>
    <subfield code="5">FTS</subfield>
    <subfield code="5">FU</subfield>
  </datafield>
  <datafield tag="500" ind1=" " ind2=" ">
    <subfield code="a">Full text available v. 13, no. 1 (Jan/Feb. 2000)-</subfield>
    <subfield code="5">FTS</subfield>
    <subfield code="5">FU</subfield>
  </datafield>
</record>