

<record xmlns="http://www.loc.gov/MARC21/slim"
xmlns:xsi="http://www.w3.org/2001/XMLSchema-instance"
xsi:schemaLocation="http://www.loc.gov/MARC21/slim
http://www.loc.gov/standards/marcxml/schema/MARC21slim.xsd">
  <leader>02460cas a2200625 a 4500</leader>
  <controlfield tag="001">021212994</controlfield>
  <datafield tag="245" ind1="1" ind2="0">
    <subfield code="a">Alzheimer&apos;s care quarterly</subfield>
    <subfield code="h">[electronic resource] :</subfield>
    <subfield code="b">ACQ.</subfield>
  </datafield>
  <datafield tag="500" ind1=" " ind2=" ">
    <subfield code="a">Description based on: Vol. 4, issue 1 (Jan.-Mar. 2004); title from journal home page of HTML.</subfield>
    <subfield code="5">FTS</subfield>
  </datafield>
  <datafield tag="500" ind1=" " ind2=" ">
    <subfield code="a">Place of publication varies.</subfield>
  </datafield>
  <datafield tag="500" ind1=" " ind2=" ">
    <subfield code="a">Title from Ovid&apos;s site (viewed Jan. 22, 2004).</subfield>
  </datafield>
</record>