

<record xmlns="http://www.loc.gov/MARC21/slim"
xmlns:xsi="http://www.w3.org/2001/XMLSchema-instance"
xsi:schemaLocation="http://www.loc.gov/MARC21/slim
http://www.loc.gov/standards/marcxml/schema/MARC21slim.xsd">
  <leader>00000cam  2200313ua 4500</leader>
  <controlfield tag="001">022411145</controlfield>
  <datafield tag="245" ind1="0" ind2="0">
    <subfield code="a">Amputations :</subfield>
    <subfield code="b">an illustrated manual /</subfield>
    <subfield code="c">Robert W. Barnes ; illustrated by Birck Cox.</subfield>
  </datafield>
</record>