

<record xmlns="http://www.loc.gov/MARC21/slim"
xmlns:xsi="http://www.w3.org/2001/XMLSchema-instance"
xsi:schemaLocation="http://www.loc.gov/MARC21/slim
http://www.loc.gov/standards/marcxml/schema/MARC21slim.xsd">
  <leader>01335nam  2200301 a 4500</leader>
  <controlfield tag="001">032522321</controlfield>
  <datafield tag="245" ind1="1" ind2="0">
    <subfield code="a">Women in medicine</subfield>
    <subfield code="h">[electronic resource] :</subfield>
    <subfield code="b">getting in, growing, and advancing /</subfield>
    <subfield code="c">Janet Bickel.</subfield>
  </datafield>
</record>