

<record xmlns="http://www.loc.gov/MARC21/slim"
xmlns:xsi="http://www.w3.org/2001/XMLSchema-instance"
xsi:schemaLocation="http://www.loc.gov/MARC21/slim
http://www.loc.gov/standards/marcxml/schema/MARC21slim.xsd">
  <leader>00000nas  2200337Ia 4500</leader>
  <controlfield tag="001">026443662</controlfield>
  <datafield tag="245" ind1="0" ind2="0">
    <subfield code="a">BMC news and views</subfield>
    <subfield code="h">[electronic resource]</subfield>
  </datafield>
  <datafield tag="500" ind1=" " ind2=" ">
    <subfield code="a">Description based on content viewed on Mar. 16, 2005.</subfield>
    <subfield code="5">FTaSU</subfield>
  </datafield>
</record>