

<record xmlns="http://www.loc.gov/MARC21/slim"
xmlns:xsi="http://www.w3.org/2001/XMLSchema-instance"
xsi:schemaLocation="http://www.loc.gov/MARC21/slim
http://www.loc.gov/standards/marcxml/schema/MARC21slim.xsd">
  <leader>00809nam  22002898a 4500</leader>
  <controlfield tag="001">020274286</controlfield>
  <datafield tag="245" ind1="1" ind2="0">
    <subfield code="a">Medical Spanish /</subfield>
    <subfield code="c">Gail L. Bongiovanni.</subfield>
  </datafield>
  <datafield tag="500" ind1=" " ind2=" ">
    <subfield code="a">Includes indexes.</subfield>
    <subfield code="5">FU</subfield>
    <subfield code="5">FSsNC</subfield>
    <subfield code="5">FFmFGC</subfield>
    <subfield code="5">FTS</subfield>
    <subfield code="5">FOFT</subfield>
    <subfield code="5">FTaSU</subfield>
  </datafield>
</record>