

<record xmlns="http://www.loc.gov/MARC21/slim"
xmlns:xsi="http://www.w3.org/2001/XMLSchema-instance"
xsi:schemaLocation="http://www.loc.gov/MARC21/slim
http://www.loc.gov/standards/marcxml/schema/MARC21slim.xsd">
  <leader>00000cam  2200337ua 4500</leader>
  <controlfield tag="001">026278528</controlfield>
  <datafield tag="245" ind1="1" ind2="0">
    <subfield code="a">Textbook of angiology /</subfield>
    <subfield code="c">John B. Chang, editor ; associate editors Earl R. Olsen, Kailash Prasad, Baur E. Sumpio.</subfield>
  </datafield>
</record>