

<record xmlns="http://www.loc.gov/MARC21/slim"
xmlns:xsi="http://www.w3.org/2001/XMLSchema-instance"
xsi:schemaLocation="http://www.loc.gov/MARC21/slim
http://www.loc.gov/standards/marcxml/schema/MARC21slim.xsd">
  <leader>00000nam  2200229u  4500</leader>
  <controlfield tag="001">029262505</controlfield>
  <datafield tag="245" ind1="1" ind2="0">
    <subfield code="a">Random House Websters pocket American sign language dictionary/</subfield>
    <subfield code="c">Elaine Costello; illustrated by Lois a. Lehman, Linda C. Tom.</subfield>
  </datafield>
  <datafield tag="500" ind1=" " ind2=" ">
    <subfield code="a">Rev. and updated work based on the Randhom House American Sign Language Dictionary originally published in hardcover in 1994.</subfield>
  </datafield>
</record>