

<record xmlns="http://www.loc.gov/MARC21/slim"
xmlns:xsi="http://www.w3.org/2001/XMLSchema-instance"
xsi:schemaLocation="http://www.loc.gov/MARC21/slim
http://www.loc.gov/standards/marcxml/schema/MARC21slim.xsd">
  <leader>     nas a22      a 4500</leader>
  <controlfield tag="001">028041276</controlfield>
  <datafield tag="245" ind1="1" ind2="0">
    <subfield code="a">Dreaming :</subfield>
    <subfield code="b">journal of the Association for the Study of Dreams.</subfield>
    <subfield code="h">[electronic resource].</subfield>
  </datafield>
  <datafield tag="500" ind1=" " ind2=" ">
    <subfield code="a">Title from the screen (viewed Oct 26, 2006).</subfield>
    <subfield code="5">FTaSU</subfield>
  </datafield>
  <datafield tag="500" ind1=" " ind2=" ">
    <subfield code="a">Full text coverage :vol.14(1) iss 1,March 2004-</subfield>
    <subfield code="5">FTaSU</subfield>
  </datafield>
</record>