

<record xmlns="http://www.loc.gov/MARC21/slim"
xmlns:xsi="http://www.w3.org/2001/XMLSchema-instance"
xsi:schemaLocation="http://www.loc.gov/MARC21/slim
http://www.loc.gov/standards/marcxml/schema/MARC21slim.xsd">
  <leader>     cam  2200505Ia 4500</leader>
  <controlfield tag="001">022830181</controlfield>
  <datafield tag="245" ind1="1" ind2="0">
    <subfield code="a">Rapid interpretation of EKG&apos;s</subfield>
    <subfield code="h">[electronic resource] :</subfield>
    <subfield code="b">an interactive course /</subfield>
    <subfield code="c">by Dale Dubin.</subfield>
  </datafield>
  <datafield tag="500" ind1=" " ind2=" ">
    <subfield code="a">Includes index.</subfield>
  </datafield>
</record>