

<record xmlns="http://www.loc.gov/MARC21/slim"
xmlns:xsi="http://www.w3.org/2001/XMLSchema-instance"
xsi:schemaLocation="http://www.loc.gov/MARC21/slim
http://www.loc.gov/standards/marcxml/schema/MARC21slim.xsd">
  <leader>01683cam  2200433 a 4500</leader>
  <controlfield tag="001">020484278</controlfield>
  <datafield tag="245" ind1="1" ind2="0">
    <subfield code="a">Rapid interpretation of EKG&apos;s :</subfield>
    <subfield code="b">an interactive course /</subfield>
    <subfield code="c">by Dale Dubin.</subfield>
  </datafield>
  <datafield tag="500" ind1=" " ind2=" ">
    <subfield code="a">Includes index.</subfield>
    <subfield code="5">FTaSU</subfield>
    <subfield code="5">FU</subfield>
    <subfield code="5">FBoU</subfield>
  </datafield>
</record>