

<record xmlns="http://www.loc.gov/MARC21/slim"
xmlns:xsi="http://www.w3.org/2001/XMLSchema-instance"
xsi:schemaLocation="http://www.loc.gov/MARC21/slim
http://www.loc.gov/standards/marcxml/schema/MARC21slim.xsd">
  <leader>02679cas  2200601 a 4500</leader>
  <controlfield tag="001">020896592</controlfield>
  <datafield tag="245" ind1="1" ind2="0">
    <subfield code="a">Evidence-based oncology</subfield>
    <subfield code="h">[electronic resource].</subfield>
  </datafield>
  <datafield tag="500" ind1=" " ind2=" ">
    <subfield code="a">Title from contents screen (ScienceDirect, viewed Sept. 3, 2004).</subfield>
    <subfield code="5">FBoU</subfield>
    <subfield code="5">FU</subfield>
  </datafield>
  <datafield tag="500" ind1=" " ind2=" ">
    <subfield code="a">Editors: John C. Ruckdeschel, Benjamin Djulbegovic, Gary Lyman, 2000-</subfield>
    <subfield code="5">FOFT</subfield>
  </datafield>
  <datafield tag="500" ind1=" " ind2=" ">
    <subfield code="a">Description based on: Vol. 1, no. 1 (Mar. 2000); title from title screen (viewed Oct. 31, 2003).</subfield>
    <subfield code="5">FOFT</subfield>
  </datafield>
</record>