

<record xmlns="http://www.loc.gov/MARC21/slim"
xmlns:xsi="http://www.w3.org/2001/XMLSchema-instance"
xsi:schemaLocation="http://www.loc.gov/MARC21/slim
http://www.loc.gov/standards/marcxml/schema/MARC21slim.xsd">
  <leader>     cam  22004694a 4500</leader>
  <controlfield tag="001">027927742</controlfield>
  <datafield tag="245" ind1="1" ind2="0">
    <subfield code="a">Pocket atlas of human anatomy</subfield>
    <subfield code="h">[electronic resource] :</subfield>
    <subfield code="b">based on the international nomenclature /</subfield>
    <subfield code="c">Heinz Feneis, Wolfgang Dauber ; [translated by David B. Meyer] ; 810 illustrations by Gerhard Spitzer.</subfield>
  </datafield>
  <datafield tag="500" ind1=" " ind2=" ">
    <subfield code="a">Source of title; title from title page.</subfield>
  </datafield>
</record>