

<record xmlns="http://www.loc.gov/MARC21/slim"
xmlns:xsi="http://www.w3.org/2001/XMLSchema-instance"
xsi:schemaLocation="http://www.loc.gov/MARC21/slim
http://www.loc.gov/standards/marcxml/schema/MARC21slim.xsd">
  <leader>     nam  22004214a 4500</leader>
  <controlfield tag="001">022771904</controlfield>
  <datafield tag="245" ind1="1" ind2="0">
    <subfield code="a">Fetology</subfield>
    <subfield code="h">[electronic resource] :</subfield>
    <subfield code="b">diagnosis &amp; management of the fetal patient /</subfield>
    <subfield code="c">Diana W. Bianchi, Timothy M. Crombleholme, Mary E. D&apos;Alton.</subfield>
  </datafield>
</record>