

<record xmlns="http://www.loc.gov/MARC21/slim"
xmlns:xsi="http://www.w3.org/2001/XMLSchema-instance"
xsi:schemaLocation="http://www.loc.gov/MARC21/slim
http://www.loc.gov/standards/marcxml/schema/MARC21slim.xsd">
  <leader>00000pam  22003134a 4500</leader>
  <controlfield tag="001">020932265</controlfield>
  <datafield tag="245" ind1="1" ind2="2">
    <subfield code="a">A manual of laboratory &amp; diagnostic tests /</subfield>
    <subfield code="c">Frances Talaska Fischbach.</subfield>
  </datafield>
</record>