

<record xmlns="http://www.loc.gov/MARC21/slim"
xmlns:xsi="http://www.w3.org/2001/XMLSchema-instance"
xsi:schemaLocation="http://www.loc.gov/MARC21/slim
http://www.loc.gov/standards/marcxml/schema/MARC21slim.xsd">
  <leader>00000cam  2200373ua 4500</leader>
  <controlfield tag="001">024716143</controlfield>
  <datafield tag="245" ind1="0" ind2="0">
    <subfield code="a">Immunology /</subfield>
    <subfield code="c">edited by Richard M. Hyde.</subfield>
  </datafield>
  <datafield tag="500" ind1=" " ind2=" ">
    <subfield code="a">Rev. ed. of: Immunology / Richard M. Hyde. 3rd. ed. c1995.</subfield>
    <subfield code="5">FSsNC</subfield>
    <subfield code="5">FU</subfield>
    <subfield code="5">FBoU</subfield>
    <subfield code="5">FTaSU</subfield>
  </datafield>
  <datafield tag="500" ind1=" " ind2=" ">
    <subfield code="a">Includes index.</subfield>
    <subfield code="5">FSsNC</subfield>
    <subfield code="5">FBoU</subfield>
  </datafield>
</record>