

<record xmlns="http://www.loc.gov/MARC21/slim"
xmlns:xsi="http://www.w3.org/2001/XMLSchema-instance"
xsi:schemaLocation="http://www.loc.gov/MARC21/slim
http://www.loc.gov/standards/marcxml/schema/MARC21slim.xsd">
  <leader>     cam  2200361Ia 4500</leader>
  <controlfield tag="001">022642327</controlfield>
  <datafield tag="245" ind1="1" ind2="4">
    <subfield code="a">The role of nutrition in maintaining health in the nation&apos;s elderly :</subfield>
    <subfield code="b">evaluating coverage of nutrition services for the Medicare population /</subfield>
    <subfield code="c">Committee on Nutrition Services for Medicare Beneficiaries, Food and Nutrition Board, Institute of Medicine.</subfield>
  </datafield>
</record>