

<record xmlns="http://www.loc.gov/MARC21/slim"
xmlns:xsi="http://www.w3.org/2001/XMLSchema-instance"
xsi:schemaLocation="http://www.loc.gov/MARC21/slim
http://www.loc.gov/standards/marcxml/schema/MARC21slim.xsd">
  <leader>02227cas a22005657a 4500</leader>
  <controlfield tag="001">025069013</controlfield>
  <datafield tag="245" ind1="1" ind2="0">
    <subfield code="a">Journal of pain</subfield>
    <subfield code="h">[electronic resource] :</subfield>
    <subfield code="b">official journal of the American Pain Society.</subfield>
  </datafield>
  <datafield tag="500" ind1=" " ind2=" ">
    <subfield code="a">Title from contents screen (viewed Dec. 6, 2000).</subfield>
  </datafield>
  <datafield tag="500" ind1=" " ind2=" ">
    <subfield code="a">Title from journal homepage screen (ScienceDirect, viewed on Oct. 4, 2006).</subfield>
    <subfield code="5">FOFT</subfield>
  </datafield>
  <datafield tag="500" ind1=" " ind2=" ">
    <subfield code="a">Title from contents screen (viewed Dec. 6, 2000).</subfield>
    <subfield code="5">FBoU</subfield>
    <subfield code="5">FMFIU</subfield>
    <subfield code="5">FTS</subfield>
  </datafield>
  <datafield tag="500" ind1=" " ind2=" ">
    <subfield code="a">Title from contents screen (viewed Dec. 6, 2000).</subfield>
    <subfield code="5">FBoU</subfield>
    <subfield code="5">FMFIU</subfield>
    <subfield code="5">FTS</subfield>
  </datafield>
</record>