

<record xmlns="http://www.loc.gov/MARC21/slim"
xmlns:xsi="http://www.w3.org/2001/XMLSchema-instance"
xsi:schemaLocation="http://www.loc.gov/MARC21/slim
http://www.loc.gov/standards/marcxml/schema/MARC21slim.xsd">
  <leader>00000cmm  2200241u  4500</leader>
  <controlfield tag="001">030254070</controlfield>
  <datafield tag="245" ind1="1" ind2="0">
    <subfield code="a">Recognizing common dysrhythmias</subfield>
    <subfield code="h">[electronic resource]</subfield>
  </datafield>
  <datafield tag="500" ind1=" " ind2=" ">
    <subfield code="a">Title from disc label.</subfield>
    <subfield code="5">FTaSU</subfield>
  </datafield>
  <datafield tag="500" ind1=" " ind2=" ">
    <subfield code="a">Content author, Sally S. Kellum.</subfield>
    <subfield code="5">FTaSU</subfield>
  </datafield>
</record>