

<record xmlns="http://www.loc.gov/MARC21/slim"
xmlns:xsi="http://www.w3.org/2001/XMLSchema-instance"
xsi:schemaLocation="http://www.loc.gov/MARC21/slim
http://www.loc.gov/standards/marcxml/schema/MARC21slim.xsd">
  <leader>01688cas  2200409Ia 4500</leader>
  <controlfield tag="001">025950324</controlfield>
  <datafield tag="245" ind1="0" ind2="4">
    <subfield code="a">The Lancet.</subfield>
    <subfield code="p">Oncology</subfield>
    <subfield code="h">[electronic resource].</subfield>
  </datafield>
  <datafield tag="500" ind1=" " ind2=" ">
    <subfield code="a">Title from general information screen (viewed Jan. 26, 2001).</subfield>
    <subfield code="5">FBoU</subfield>
  </datafield>
  <datafield tag="500" ind1=" " ind2=" ">
    <subfield code="a">Title from journal homepage screen (ScienceDirect, viewed on Oct. 19, 2006).</subfield>
    <subfield code="5">FOFT</subfield>
  </datafield>
</record>