

<record xmlns="http://www.loc.gov/MARC21/slim"
xmlns:xsi="http://www.w3.org/2001/XMLSchema-instance"
xsi:schemaLocation="http://www.loc.gov/MARC21/slim
http://www.loc.gov/standards/marcxml/schema/MARC21slim.xsd">
  <leader>     nam a22      a 4500</leader>
  <controlfield tag="001">027927336</controlfield>
  <datafield tag="245" ind1="1" ind2="0">
    <subfield code="a">Ophthalmology</subfield>
    <subfield code="h">[electronic resource] :</subfield>
    <subfield code="b">a short textbook /</subfield>
    <subfield code="c">Gerhard K. Lang ; with contributions by J. Amann ... [et al.] ; [translated by John Grossman].</subfield>
  </datafield>
  <datafield tag="500" ind1=" " ind2=" ">
    <subfield code="a">Title from the screen (viewed Aug. 31, 2006).</subfield>
  </datafield>
  <datafield tag="500" ind1=" " ind2=" ">
    <subfield code="a">Includes index.</subfield>
  </datafield>
</record>