

<record xmlns="http://www.loc.gov/MARC21/slim"
xmlns:xsi="http://www.w3.org/2001/XMLSchema-instance"
xsi:schemaLocation="http://www.loc.gov/MARC21/slim
http://www.loc.gov/standards/marcxml/schema/MARC21slim.xsd">
  <leader>00000nam  22001934  4500</leader>
  <controlfield tag="001">020502370</controlfield>
  <datafield tag="245" ind1="1" ind2="0">
    <subfield code="a">Search committees:</subfield>
    <subfield code="b">a tool kit for human resource professionals, administrators, and committee members.</subfield>
  </datafield>
</record>