

<record xmlns="http://www.loc.gov/MARC21/slim"
xmlns:xsi="http://www.w3.org/2001/XMLSchema-instance"
xsi:schemaLocation="http://www.loc.gov/MARC21/slim
http://www.loc.gov/standards/marcxml/schema/MARC21slim.xsd">
  <leader>02433cas a2200577 a 4500</leader>
  <controlfield tag="001">021504163</controlfield>
  <datafield tag="245" ind1="1" ind2="0">
    <subfield code="a">Lippincott&apos;s case management</subfield>
    <subfield code="h">[electronic resource] :</subfield>
    <subfield code="b">managing the process of patient care.</subfield>
  </datafield>
  <datafield tag="500" ind1=" " ind2=" ">
    <subfield code="a">Title from contents (viewed Apr. 16, 2003).</subfield>
  </datafield>
  <datafield tag="500" ind1=" " ind2=" ">
    <subfield code="a">Latest issue consulted: Vol. 8(2) (Mar./Spr. 2003).</subfield>
    <subfield code="5">FU</subfield>
    <subfield code="5">FTS</subfield>
  </datafield>
  <datafield tag="500" ind1=" " ind2=" ">
    <subfield code="a">Latest issue consulted: Vol. 8(2) (Mar./Spr. 2003).</subfield>
    <subfield code="5">FU</subfield>
    <subfield code="5">FTS</subfield>
  </datafield>
  <datafield tag="500" ind1=" " ind2=" ">
    <subfield code="a">&quot;Managing the process of patient care.&quot;</subfield>
    <subfield code="5">FTS</subfield>
  </datafield>
  <datafield tag="500" ind1=" " ind2=" ">
    <subfield code="a">Title from contents (viewed Apr. 16, 2003).</subfield>
    <subfield code="5">FU</subfield>
    <subfield code="5">FTS</subfield>
  </datafield>
  <datafield tag="500" ind1=" " ind2=" ">
    <subfield code="a">Title from contents (viewed Apr. 16, 2003).</subfield>
    <subfield code="5">FU</subfield>
    <subfield code="5">FTS</subfield>
  </datafield>
  <datafield tag="500" ind1=" " ind2=" ">
    <subfield code="a">Description based on: Vol. 5, no. (July/Aug. 2000); title from table of contents (Ovid, viewed Jan. 9, 2008).</subfield>
    <subfield code="5">FOFT</subfield>
  </datafield>
</record>