

<record xmlns="http://www.loc.gov/MARC21/slim"
xmlns:xsi="http://www.w3.org/2001/XMLSchema-instance"
xsi:schemaLocation="http://www.loc.gov/MARC21/slim
http://www.loc.gov/standards/marcxml/schema/MARC21slim.xsd">
  <leader>00000nam  2200361u  4500</leader>
  <controlfield tag="001">022778150</controlfield>
  <datafield tag="245" ind1="1" ind2="0">
    <subfield code="a">Manual of common bedside surgical procedures /</subfield>
    <subfield code="h">[electronic resource]</subfield>
    <subfield code="c">by the Halsted residents of the Johns Hopkins Hospital;editors, Herbert Chen, Christopher J. Sonnenday.</subfield>
  </datafield>
  <datafield tag="500" ind1=" " ind2=" ">
    <subfield code="a">Cancelled access 4/21/2006.</subfield>
    <subfield code="5">FTaSU</subfield>
  </datafield>
</record>