

<record xmlns="http://www.loc.gov/MARC21/slim"
xmlns:xsi="http://www.w3.org/2001/XMLSchema-instance"
xsi:schemaLocation="http://www.loc.gov/MARC21/slim
http://www.loc.gov/standards/marcxml/schema/MARC21slim.xsd">
  <leader>02960cas a2200685 a 4500</leader>
  <controlfield tag="001">020704541</controlfield>
  <datafield tag="245" ind1="1" ind2="0">
    <subfield code="a">Medical humanities</subfield>
    <subfield code="h">[electronic resource].</subfield>
  </datafield>
  <datafield tag="500" ind1=" " ind2=" ">
    <subfield code="a">Title from journal information screen (viewed Jan. 16, 2002).</subfield>
    <subfield code="5">FPeU</subfield>
    <subfield code="5">FBoU</subfield>
  </datafield>
  <datafield tag="500" ind1=" " ind2=" ">
    <subfield code="a">Description based on: Vol. 26, no. 1 (June 2000); title from journal information screen (viewed Jan. 16, 2002).</subfield>
    <subfield code="5">FTS</subfield>
  </datafield>
</record>