

<record xmlns="http://www.loc.gov/MARC21/slim"
xmlns:xsi="http://www.w3.org/2001/XMLSchema-instance"
xsi:schemaLocation="http://www.loc.gov/MARC21/slim
http://www.loc.gov/standards/marcxml/schema/MARC21slim.xsd">
  <leader>00000nam  2200373u  4500</leader>
  <controlfield tag="001">022772017</controlfield>
  <datafield tag="245" ind1="1" ind2="0">
    <subfield code="a">Fluid and electrolyte balance :</subfield>
    <subfield code="b">nursing considerations /</subfield>
    <subfield code="h">[electronic resource]</subfield>
    <subfield code="c">[edited by]Norma M. Metheny.</subfield>
  </datafield>
  <datafield tag="500" ind1=" " ind2=" ">
    <subfield code="a">Cancelled access 4/20/2006.</subfield>
    <subfield code="5">FTaSU</subfield>
  </datafield>
</record>