

<record xmlns="http://www.loc.gov/MARC21/slim"
xmlns:xsi="http://www.w3.org/2001/XMLSchema-instance"
xsi:schemaLocation="http://www.loc.gov/MARC21/slim
http://www.loc.gov/standards/marcxml/schema/MARC21slim.xsd">
  <leader>01315nam  2200349Ia 4500</leader>
  <controlfield tag="001">022224042</controlfield>
  <datafield tag="245" ind1="1" ind2="0">
    <subfield code="a">2000-2001 medical student&apos;s guide to successful residency matching /</subfield>
    <subfield code="c">Lee T. Miller, Leigh G. Donowitz.</subfield>
  </datafield>
</record>