

<record xmlns="http://www.loc.gov/MARC21/slim"
xmlns:xsi="http://www.w3.org/2001/XMLSchema-instance"
xsi:schemaLocation="http://www.loc.gov/MARC21/slim
http://www.loc.gov/standards/marcxml/schema/MARC21slim.xsd">
  <leader>02902cas a2200685 a 4500</leader>
  <controlfield tag="001">022018517</controlfield>
  <datafield tag="245" ind1="1" ind2="0">
    <subfield code="a">Molecular therapy</subfield>
    <subfield code="h">[electronic resource].</subfield>
  </datafield>
  <datafield tag="500" ind1=" " ind2=" ">
    <subfield code="a">Title from table of contents (viewed Dec. 5, 2000).</subfield>
  </datafield>
  <datafield tag="500" ind1=" " ind2=" ">
    <subfield code="a">Published: Amsterdam : Elsevier, &lt;2006-&gt;</subfield>
    <subfield code="5">FBoU</subfield>
    <subfield code="5">FTaSU</subfield>
  </datafield>
  <datafield tag="500" ind1=" " ind2=" ">
    <subfield code="a">Title from table of contents (viewed Jan. 16, 2007).</subfield>
    <subfield code="5">FTaSU</subfield>
  </datafield>
  <datafield tag="500" ind1=" " ind2=" ">
    <subfield code="a">Description basedon: Vol. 1, no. 1 (Jan. 2000); title from publication overview screen (viewed Nov. 12, 2003).</subfield>
    <subfield code="5">FOFT</subfield>
  </datafield>
</record>