

<record xmlns="http://www.loc.gov/MARC21/slim"
xmlns:xsi="http://www.w3.org/2001/XMLSchema-instance"
xsi:schemaLocation="http://www.loc.gov/MARC21/slim
http://www.loc.gov/standards/marcxml/schema/MARC21slim.xsd">
  <leader>00000nam  2200301u  4500</leader>
  <controlfield tag="001">029466112</controlfield>
  <datafield tag="245" ind1="1" ind2="0">
    <subfield code="a">Histology &amp; cell biology :</subfield>
    <subfield code="b">examination and board review/</subfield>
    <subfield code="c">Douglas F. Paulsen.</subfield>
  </datafield>
  <datafield tag="500" ind1=" " ind2=" ">
    <subfield code="a">&quot;A Lange medical book.&quot;</subfield>
    <subfield code="5">FTaSU</subfield>
  </datafield>
  <datafield tag="500" ind1=" " ind2=" ">
    <subfield code="a">Rev. ed. of: Basic histology/ Douglas F. Paulsen. 3rd ed. 1996.</subfield>
    <subfield code="5">FTaSU</subfield>
  </datafield>
  <datafield tag="500" ind1=" " ind2=" ">
    <subfield code="a">Companion v. to: Basic histology/L. Carlos Junqueira, Jose Carneiro, Robert O. Kelley. 9th ed.</subfield>
    <subfield code="5">FTaSU</subfield>
  </datafield>
  <datafield tag="500" ind1=" " ind2=" ">
    <subfield code="a">includes index.</subfield>
    <subfield code="5">FTaSU</subfield>
  </datafield>
</record>