

<record xmlns="http://www.loc.gov/MARC21/slim"
xmlns:xsi="http://www.w3.org/2001/XMLSchema-instance"
xsi:schemaLocation="http://www.loc.gov/MARC21/slim
http://www.loc.gov/standards/marcxml/schema/MARC21slim.xsd">
  <leader>00000nam  2200313u  4500</leader>
  <controlfield tag="001">022923745</controlfield>
  <datafield tag="245" ind1="1" ind2="0">
    <subfield code="a">Review of general psychiatry /</subfield>
    <subfield code="h">[electronic resource ]</subfield>
    <subfield code="c">[edited by]Howard H. Goldman.</subfield>
  </datafield>
</record>