

<record xmlns="http://www.loc.gov/MARC21/slim"
xmlns:xsi="http://www.w3.org/2001/XMLSchema-instance"
xsi:schemaLocation="http://www.loc.gov/MARC21/slim
http://www.loc.gov/standards/marcxml/schema/MARC21slim.xsd">
  <leader>     pam  2200313ca 4500</leader>
  <controlfield tag="001">029695986</controlfield>
  <datafield tag="245" ind1="1" ind2="0">
    <subfield code="a">Philosophy of science :</subfield>
    <subfield code="b">a contemporary introduction /</subfield>
    <subfield code="c">Alex Rosenberg.</subfield>
  </datafield>
</record>