

<record xmlns="http://www.loc.gov/MARC21/slim"
xmlns:xsi="http://www.w3.org/2001/XMLSchema-instance"
xsi:schemaLocation="http://www.loc.gov/MARC21/slim
http://www.loc.gov/standards/marcxml/schema/MARC21slim.xsd">
  <leader>00000nam  2200253u  4500</leader>
  <controlfield tag="001">029599514</controlfield>
  <datafield tag="245" ind1="1" ind2="0">
    <subfield code="a">Spirituality &amp; health care :</subfield>
    <subfield code="b">reaching toward a holistic future/</subfield>
    <subfield code="c">John Shea.</subfield>
  </datafield>
</record>