

<record xmlns="http://www.loc.gov/MARC21/slim"
xmlns:xsi="http://www.w3.org/2001/XMLSchema-instance"
xsi:schemaLocation="http://www.loc.gov/MARC21/slim
http://www.loc.gov/standards/marcxml/schema/MARC21slim.xsd">
  <leader>     cam  22004934a 4500</leader>
  <controlfield tag="001">023553411</controlfield>
  <datafield tag="245" ind1="1" ind2="0">
    <subfield code="a">Color atlas of pathophysiology</subfield>
    <subfield code="h">[electronic resource] /</subfield>
    <subfield code="c">Stefan Silbernagl, Florian Lang ; illustrations by Rüdiger Gay and Astried Rothenburger ; [translated by Gerald R. Graham].</subfield>
  </datafield>
  <datafield tag="500" ind1=" " ind2=" ">
    <subfield code="a">Source of title; title from title page.</subfield>
  </datafield>
</record>