

<record xmlns="http://www.loc.gov/MARC21/slim"
xmlns:xsi="http://www.w3.org/2001/XMLSchema-instance"
xsi:schemaLocation="http://www.loc.gov/MARC21/slim
http://www.loc.gov/standards/marcxml/schema/MARC21slim.xsd">
  <leader>     cam  2200781 a 4500</leader>
  <controlfield tag="001">021599458</controlfield>
  <datafield tag="245" ind1="1" ind2="4">
    <subfield code="a">The elements of style /</subfield>
    <subfield code="c">by William Strunk, Jr. ; with revisions, an introduction, and a chapter on writing by E.B. White ; [foreword by Roger Angell].</subfield>
  </datafield>
  <datafield tag="500" ind1=" " ind2=" ">
    <subfield code="a">Includes index.</subfield>
  </datafield>
</record>