

<record xmlns="http://www.loc.gov/MARC21/slim"
xmlns:xsi="http://www.w3.org/2001/XMLSchema-instance"
xsi:schemaLocation="http://www.loc.gov/MARC21/slim
http://www.loc.gov/standards/marcxml/schema/MARC21slim.xsd">
  <leader>00000cmm  2200385ua 4500</leader>
  <controlfield tag="001">026082081</controlfield>
  <datafield tag="245" ind1="1" ind2="0">
    <subfield code="a">Electronic atlas of parasitology</subfield>
    <subfield code="h">[electronic resource] /</subfield>
    <subfield code="c">John T. Sullivan.</subfield>
  </datafield>
  <datafield tag="500" ind1=" " ind2=" ">
    <subfield code="a">Companion to:Gerals D. Schmidt &amp; Larry S Roberts&apos; foundations of parasitology. c2000.</subfield>
    <subfield code="5">FTaSU</subfield>
  </datafield>
  <datafield tag="500" ind1=" " ind2=" ">
    <subfield code="a">Companion to: Foundations of parasitology.</subfield>
    <subfield code="5">FU</subfield>
  </datafield>
</record>