

<record xmlns="http://www.loc.gov/MARC21/slim"
xmlns:xsi="http://www.w3.org/2001/XMLSchema-instance"
xsi:schemaLocation="http://www.loc.gov/MARC21/slim
http://www.loc.gov/standards/marcxml/schema/MARC21slim.xsd">
  <leader>00000nam  2200229u  4500</leader>
  <controlfield tag="001">029808438</controlfield>
  <datafield tag="245" ind1="1" ind2="0">
    <subfield code="a">Easy coder /</subfield>
    <subfield code="c">Paul K. Tanaka.</subfield>
  </datafield>
  <datafield tag="500" ind1=" " ind2=" ">
    <subfield code="a">Spine title :ICD-9 CM easy coder.</subfield>
    <subfield code="5">FTaSU</subfield>
  </datafield>
  <datafield tag="500" ind1=" " ind2=" ">
    <subfield code="a">Irregular paging.</subfield>
    <subfield code="5">FTaSU</subfield>
  </datafield>
</record>