

<record xmlns="http://www.loc.gov/MARC21/slim"
xmlns:xsi="http://www.w3.org/2001/XMLSchema-instance"
xsi:schemaLocation="http://www.loc.gov/MARC21/slim
http://www.loc.gov/standards/marcxml/schema/MARC21slim.xsd">
  <leader>02952nam  22005414a 4500</leader>
  <controlfield tag="001">020259305</controlfield>
  <datafield tag="245" ind1="1" ind2="0">
    <subfield code="a">Differential diagnosis in neurology and neurosurgery</subfield>
    <subfield code="h">[electronic resource] :</subfield>
    <subfield code="b">a clinician&apos;s pocket guide /</subfield>
    <subfield code="c">Sotirios A. Tsementzis.</subfield>
  </datafield>
  <datafield tag="500" ind1=" " ind2=" ">
    <subfield code="a">Source of title; title from title page (viewed Aug. 29, 2006).</subfield>
    <subfield code="5">FTaSU</subfield>
  </datafield>
  <datafield tag="500" ind1=" " ind2=" ">
    <subfield code="a">Source of title; title from title page.</subfield>
    <subfield code="5">FU</subfield>
  </datafield>
  <datafield tag="500" ind1=" " ind2=" ">
    <subfield code="a">Made available through: Thieme ElectronicBook Library.</subfield>
    <subfield code="5">FMFIU</subfield>
  </datafield>
</record>