

<record xmlns="http://www.loc.gov/MARC21/slim"
xmlns:xsi="http://www.w3.org/2001/XMLSchema-instance"
xsi:schemaLocation="http://www.loc.gov/MARC21/slim
http://www.loc.gov/standards/marcxml/schema/MARC21slim.xsd">
  <leader>     cam  22007814a 4500</leader>
  <controlfield tag="001">030332246</controlfield>
  <datafield tag="245" ind1="0" ind2="0">
    <subfield code="a">Diagnostic and statistical manual of mental disorders</subfield>
    <subfield code="h">[electronic resource] :</subfield>
    <subfield code="b">DSM-IV-TR.</subfield>
  </datafield>
  <datafield tag="500" ind1=" " ind2=" ">
    <subfield code="a">Prepared by the Task Force on DSM-IV and other committees and work groups of the American Psychiatric Association.</subfield>
    <subfield code="5">FFmFGC</subfield>
  </datafield>
  <datafield tag="500" ind1=" " ind2=" ">
    <subfield code="a">Includes index.</subfield>
    <subfield code="5">FFmFGC</subfield>
  </datafield>
</record>