

<record xmlns="http://www.loc.gov/MARC21/slim"
xmlns:xsi="http://www.w3.org/2001/XMLSchema-instance"
xsi:schemaLocation="http://www.loc.gov/MARC21/slim
http://www.loc.gov/standards/marcxml/schema/MARC21slim.xsd">
  <leader>00000nmm  2200205u  4500</leader>
  <controlfield tag="001">030306679</controlfield>
  <datafield tag="245" ind1="1" ind2="0">
    <subfield code="a">eConversion 2000</subfield>
    <subfield code="h">[electronic resoruce] :</subfield>
    <subfield code="b">unit conversion system for healthcare professionals.</subfield>
  </datafield>
  <datafield tag="500" ind1=" " ind2=" ">
    <subfield code="a">CD-ROM</subfield>
    <subfield code="5">FTaSU</subfield>
  </datafield>
</record>