

<record xmlns="http://www.loc.gov/MARC21/slim"
xmlns:xsi="http://www.w3.org/2001/XMLSchema-instance"
xsi:schemaLocation="http://www.loc.gov/MARC21/slim
http://www.loc.gov/standards/marcxml/schema/MARC21slim.xsd">
  <leader>00000cmm  2200277u  4500</leader>
  <controlfield tag="001">030243896</controlfield>
  <datafield tag="245" ind1="1" ind2="0">
    <subfield code="a">Cardiovascular medicine</subfield>
    <subfield code="h">[electronic resource]:</subfield>
    <subfield code="b">enhanced multimedia CD-ROM /</subfield>
    <subfield code="c">editor, Eric J. Topol.</subfield>
  </datafield>
  <datafield tag="500" ind1=" " ind2=" ">
    <subfield code="a">Title from disc label.</subfield>
    <subfield code="5">FTaSU</subfield>
  </datafield>
</record>