

<record xmlns="http://www.loc.gov/MARC21/slim"
xmlns:xsi="http://www.w3.org/2001/XMLSchema-instance"
xsi:schemaLocation="http://www.loc.gov/MARC21/slim
http://www.loc.gov/standards/marcxml/schema/MARC21slim.xsd">
  <leader>00000cmm  2200241   4500</leader>
  <controlfield tag="001">029883846</controlfield>
  <datafield tag="245" ind1="1" ind2="0">
    <subfield code="a">Video case studies of echocardiography</subfield>
    <subfield code="h">[electronic resource]:</subfield>
    <subfield code="b">an interactive CD-ROM /</subfield>
    <subfield code="c">Edmund Kenneth Kerut..[et al.].</subfield>
  </datafield>
  <datafield tag="500" ind1=" " ind2=" ">
    <subfield code="a">Title from disc label.</subfield>
    <subfield code="5">FTaSU</subfield>
  </datafield>
</record>