

<record xmlns="http://www.loc.gov/MARC21/slim"
xmlns:xsi="http://www.w3.org/2001/XMLSchema-instance"
xsi:schemaLocation="http://www.loc.gov/MARC21/slim
http://www.loc.gov/standards/marcxml/schema/MARC21slim.xsd">
  <leader>00000cmm  2200349ua 4500</leader>
  <controlfield tag="001">029883755</controlfield>
  <datafield tag="245" ind1="0" ind2="0">
    <subfield code="a">All about outcomes</subfield>
    <subfield code="h">[computer file] :</subfield>
    <subfield code="b">an educational program to help you understand, evaluate, and choose pediatric outcome measures /</subfield>
    <subfield code="c">Mary C. Law ... [et al.].</subfield>
  </datafield>
  <datafield tag="500" ind1=" " ind2=" ">
    <subfield code="a">Title from disc label.</subfield>
    <subfield code="5">FTaSU</subfield>
  </datafield>
</record>