

<record xmlns="http://www.loc.gov/MARC21/slim"
xmlns:xsi="http://www.w3.org/2001/XMLSchema-instance"
xsi:schemaLocation="http://www.loc.gov/MARC21/slim
http://www.loc.gov/standards/marcxml/schema/MARC21slim.xsd">
  <leader>00000cam  2200289ua 4500</leader>
  <controlfield tag="001">029693324</controlfield>
  <datafield tag="245" ind1="0" ind2="0">
    <subfield code="a">Precepting medical students in the office /</subfield>
    <subfield code="c">edited by paul M. Paulman, Jeffrey L. Susman, Cheryl A. Abboud.</subfield>
  </datafield>
</record>