

<record xmlns="http://www.loc.gov/MARC21/slim"
xmlns:xsi="http://www.w3.org/2001/XMLSchema-instance"
xsi:schemaLocation="http://www.loc.gov/MARC21/slim
http://www.loc.gov/standards/marcxml/schema/MARC21slim.xsd">
  <leader>00000nam  2200229u  4500</leader>
  <controlfield tag="001">029647799</controlfield>
  <datafield tag="245" ind1="0" ind2="0">
    <subfield code="a">Quick guide to physician fraud &amp; abuse prevention.</subfield>
  </datafield>
  <datafield tag="500" ind1=" " ind2=" ">
    <subfield code="a">Include index.</subfield>
    <subfield code="5">FTaSU</subfield>
  </datafield>
</record>