

<record xmlns="http://www.loc.gov/MARC21/slim"
xmlns:xsi="http://www.w3.org/2001/XMLSchema-instance"
xsi:schemaLocation="http://www.loc.gov/MARC21/slim
http://www.loc.gov/standards/marcxml/schema/MARC21slim.xsd">
  <leader>     cam  2200397Ia 4500</leader>
  <controlfield tag="001">029425753</controlfield>
  <datafield tag="245" ind1="0" ind2="0">
    <subfield code="a">ICD-9-CM 2001 /</subfield>
    <subfield code="c">American Medical Association.</subfield>
  </datafield>
  <datafield tag="500" ind1=" " ind2=" ">
    <subfield code="a">Includes index.</subfield>
    <subfield code="5">FTaSU</subfield>
  </datafield>
  <datafield tag="500" ind1=" " ind2=" ">
    <subfield code="a">Two volumes in one, the Alphabetic index to diseases Volume 2 is presented first. Tabular list Volume 1 is presented second. Contains bleed tabs and thumb tabs.</subfield>
    <subfield code="5">FTaSU</subfield>
  </datafield>
  <datafield tag="500" ind1=" " ind2=" ">
    <subfield code="a">Copyright by Medicode.</subfield>
    <subfield code="5">FTaSU</subfield>
  </datafield>
</record>