

<record xmlns="http://www.loc.gov/MARC21/slim"
xmlns:xsi="http://www.w3.org/2001/XMLSchema-instance"
xsi:schemaLocation="http://www.loc.gov/MARC21/slim
http://www.loc.gov/standards/marcxml/schema/MARC21slim.xsd">
  <leader>     cam  2200433 a 4500</leader>
  <controlfield tag="001">029260501</controlfield>
  <datafield tag="245" ind1="0" ind2="0">
    <subfield code="a">American College of Physicians home medical guide to Parkinson&apos;s disease /</subfield>
    <subfield code="c">medical editor, David R. Goldmann ; associate medical editor, David A. Horowitz.</subfield>
  </datafield>
  <datafield tag="500" ind1=" " ind2=" ">
    <subfield code="a">Includes index.</subfield>
  </datafield>
</record>