

<record xmlns="http://www.loc.gov/MARC21/slim"
xmlns:xsi="http://www.w3.org/2001/XMLSchema-instance"
xsi:schemaLocation="http://www.loc.gov/MARC21/slim
http://www.loc.gov/standards/marcxml/schema/MARC21slim.xsd">
  <leader>     nas a22      a 4500</leader>
  <controlfield tag="001">028100375</controlfield>
  <datafield tag="245" ind1="0" ind2="4">
    <subfield code="a">The Healing muse :</subfield>
    <subfield code="b">a journal of literary and visual arts.</subfield>
  </datafield>
  <datafield tag="500" ind1=" " ind2=" ">
    <subfield code="a">&quot;The Healing Muse&quot; is SUNY Upstate Medical University&apos;s journal of literary and visual arts published annually by the Center for Bioethics and Humanities.</subfield>
    <subfield code="5">FTaSU</subfield>
  </datafield>
</record>