

<record xmlns="http://www.loc.gov/MARC21/slim"
xmlns:xsi="http://www.w3.org/2001/XMLSchema-instance"
xsi:schemaLocation="http://www.loc.gov/MARC21/slim
http://www.loc.gov/standards/marcxml/schema/MARC21slim.xsd">
  <leader>     cam  22005174a 4500</leader>
  <controlfield tag="001">027893545</controlfield>
  <datafield tag="245" ind1="0" ind2="0">
    <subfield code="a">From genome to therapy</subfield>
    <subfield code="h">[electronic resource] :</subfield>
    <subfield code="b">integrating new technologies with drug development /</subfield>
    <subfield code="c">[editors: Gregory R. Bock, Dalia Cohen, and Jamie A. Goode].</subfield>
  </datafield>
  <datafield tag="500" ind1=" " ind2=" ">
    <subfield code="a">&quot;Symposium on From Genome to Therapy: Integrating New Technologies with Drug Development, held at the Hotel Europe, Basel, Switzerland, 22-24 June 1999&quot;--Contents p.</subfield>
    <subfield code="5">FTaSU</subfield>
  </datafield>
  <datafield tag="500" ind1=" " ind2=" ">
    <subfield code="a">Title from title page (viewed Aug. 16, 2006).</subfield>
    <subfield code="5">FTaSU</subfield>
  </datafield>
</record>