

<record xmlns="http://www.loc.gov/MARC21/slim"
xmlns:xsi="http://www.w3.org/2001/XMLSchema-instance"
xsi:schemaLocation="http://www.loc.gov/MARC21/slim
http://www.loc.gov/standards/marcxml/schema/MARC21slim.xsd">
  <leader>01310nmm  2200373Ia 4500</leader>
  <controlfield tag="001">027423946</controlfield>
  <datafield tag="245" ind1="0" ind2="0">
    <subfield code="a">Herbal medicine :</subfield>
    <subfield code="b">expanded Commission E monographs</subfield>
    <subfield code="h">[computer file] /</subfield>
    <subfield code="c">edited by Mark Blumenthal, Alicia Goldberg, and Josef Brinckmann.</subfield>
  </datafield>
  <datafield tag="500" ind1=" " ind2=" ">
    <subfield code="a">Title from title screen.</subfield>
    <subfield code="5">FTS</subfield>
    <subfield code="5">FTaFA</subfield>
  </datafield>
  <datafield tag="590" ind1=" " ind2=" ">
    <subfield code="a">Key# H28928957.</subfield>
  </datafield>
</record>