

<record xmlns="http://www.loc.gov/MARC21/slim"
xmlns:xsi="http://www.w3.org/2001/XMLSchema-instance"
xsi:schemaLocation="http://www.loc.gov/MARC21/slim
http://www.loc.gov/standards/marcxml/schema/MARC21slim.xsd">
  <leader>00000cam  2200301Ia 4500</leader>
  <controlfield tag="001">026650373</controlfield>
  <datafield tag="245" ind1="0" ind2="0">
    <subfield code="a">2001 MCAT :</subfield>
    <subfield code="b">complete preparation for the Medical College Admission Test.</subfield>
  </datafield>
  <datafield tag="500" ind1=" " ind2=" ">
    <subfield code="a">&quot; ... the 2001 edition of Complete preparation for the MCAT : the Betz guide ...&quot;--Pref.</subfield>
    <subfield code="5">FFmFGC</subfield>
    <subfield code="5">FBoU</subfield>
    <subfield code="5">FTaSU</subfield>
  </datafield>
</record>