

<record xmlns="http://www.loc.gov/MARC21/slim"
xmlns:xsi="http://www.w3.org/2001/XMLSchema-instance"
xsi:schemaLocation="http://www.loc.gov/MARC21/slim
http://www.loc.gov/standards/marcxml/schema/MARC21slim.xsd">
  <leader>00000cam  2200325ua 4500</leader>
  <controlfield tag="001">026338774</controlfield>
  <datafield tag="245" ind1="0" ind2="0">
    <subfield code="a">Women&apos;s health care handbook /</subfield>
    <subfield code="c">edited by Bruce E. Johnson ... [et al.].</subfield>
  </datafield>
</record>