

<record xmlns="http://www.loc.gov/MARC21/slim"
xmlns:xsi="http://www.w3.org/2001/XMLSchema-instance"
xsi:schemaLocation="http://www.loc.gov/MARC21/slim
http://www.loc.gov/standards/marcxml/schema/MARC21slim.xsd">
  <leader>01102nam  22003378a 4500</leader>
  <controlfield tag="001">025660408</controlfield>
  <datafield tag="245" ind1="0" ind2="0">
    <subfield code="a">Manual of clinical dietetics /</subfield>
    <subfield code="c">developed by the Chicago Dietetic Association, The South Suburban Dietetic Association, and Dietitians of Canada.</subfield>
  </datafield>
</record>