

<record xmlns="http://www.loc.gov/MARC21/slim"
xmlns:xsi="http://www.w3.org/2001/XMLSchema-instance"
xsi:schemaLocation="http://www.loc.gov/MARC21/slim
http://www.loc.gov/standards/marcxml/schema/MARC21slim.xsd">
  <leader>00000cam  2200433ua 4500</leader>
  <controlfield tag="001">025519389</controlfield>
  <datafield tag="245" ind1="0" ind2="0">
    <subfield code="a">Evaluation of the sexually abused child :</subfield>
    <subfield code="b">a medical textbook and photographic atlas /</subfield>
    <subfield code="c">[edited by] Astrid H. Heger, S. Jean Emans, David Muram ... [et al.].</subfield>
  </datafield>
</record>