

<record xmlns="http://www.loc.gov/MARC21/slim"
xmlns:xsi="http://www.w3.org/2001/XMLSchema-instance"
xsi:schemaLocation="http://www.loc.gov/MARC21/slim
http://www.loc.gov/standards/marcxml/schema/MARC21slim.xsd">
  <leader>00000cam  2200385ua 4500</leader>
  <controlfield tag="001">024857340</controlfield>
  <datafield tag="245" ind1="0" ind2="0">
    <subfield code="a">Rheumatoid arthritis :</subfield>
    <subfield code="b">frontiers in pathogenesis and treatment /</subfield>
    <subfield code="c">edited by Gary S. Firestein, Gabriel S. Panayi, and Frank A. Wollheim.</subfield>
  </datafield>
  <datafield tag="500" ind1=" " ind2=" ">
    <subfield code="a">Cover sub-title: New frontiers in pathogenesis and treatment.</subfield>
    <subfield code="5">FU</subfield>
    <subfield code="5">FTaSU</subfield>
  </datafield>
</record>