

<record xmlns="http://www.loc.gov/MARC21/slim"
xmlns:xsi="http://www.w3.org/2001/XMLSchema-instance"
xsi:schemaLocation="http://www.loc.gov/MARC21/slim
http://www.loc.gov/standards/marcxml/schema/MARC21slim.xsd">
  <leader>01133cam  2200361 a 4500</leader>
  <controlfield tag="001">022875042</controlfield>
  <datafield tag="245" ind1="0" ind2="0">
    <subfield code="a">Principles and techniques of practical biochemistry /</subfield>
    <subfield code="c">edited by Keith Wilson and John Walker.</subfield>
  </datafield>
</record>