

<record xmlns="http://www.loc.gov/MARC21/slim"
xmlns:xsi="http://www.w3.org/2001/XMLSchema-instance"
xsi:schemaLocation="http://www.loc.gov/MARC21/slim
http://www.loc.gov/standards/marcxml/schema/MARC21slim.xsd">
  <leader>00783nam  22002658a 4500</leader>
  <controlfield tag="001">021697370</controlfield>
  <datafield tag="245" ind1="0" ind2="0">
    <subfield code="a">Grammatical disorders in aphasia :</subfield>
    <subfield code="b">a neurolinguistic perspective /</subfield>
    <subfield code="c">edited by Roelien Bastiaanse and Yosef Grodzinsky.</subfield>
  </datafield>
</record>