

<record xmlns="http://www.loc.gov/MARC21/slim"
xmlns:xsi="http://www.w3.org/2001/XMLSchema-instance"
xsi:schemaLocation="http://www.loc.gov/MARC21/slim
http://www.loc.gov/standards/marcxml/schema/MARC21slim.xsd">
  <leader>     pam  22004694a 4500</leader>
  <controlfield tag="001">021471634</controlfield>
  <datafield tag="245" ind1="0" ind2="0">
    <subfield code="a">Gastrointestinal disease in primary care /</subfield>
    <subfield code="c">editors, Lyman E. Bilhartz, Carol L. Croft.</subfield>
  </datafield>
</record>