

<record xmlns="http://www.loc.gov/MARC21/slim"
xmlns:xsi="http://www.w3.org/2001/XMLSchema-instance"
xsi:schemaLocation="http://www.loc.gov/MARC21/slim
http://www.loc.gov/standards/marcxml/schema/MARC21slim.xsd">
  <leader>00000cam  2200361ua 4500</leader>
  <controlfield tag="001">020592936</controlfield>
  <datafield tag="245" ind1="0" ind2="0">
    <subfield code="a">Concise Oxford textbook of medicine /</subfield>
    <subfield code="c">edited by John G.G. Ledingham, David A. Warrell.</subfield>
  </datafield>
</record>