

<record xmlns="http://www.loc.gov/MARC21/slim"
xmlns:xsi="http://www.w3.org/2001/XMLSchema-instance"
xsi:schemaLocation="http://www.loc.gov/MARC21/slim
http://www.loc.gov/standards/marcxml/schema/MARC21slim.xsd">
  <leader>00972cam  2200313 a 4500</leader>
  <controlfield tag="001">020033291</controlfield>
  <datafield tag="245" ind1="0" ind2="0">
    <subfield code="a">Pathology of the skin /</subfield>
    <subfield code="c">editors, Evan R. Farmer, Antoinette F. Hood.</subfield>
  </datafield>
</record>