

<record xmlns="http://www.loc.gov/MARC21/slim"
xmlns:xsi="http://www.w3.org/2001/XMLSchema-instance"
xsi:schemaLocation="http://www.loc.gov/MARC21/slim
http://www.loc.gov/standards/marcxml/schema/MARC21slim.xsd">
  <leader>06051cam  2200529Ma 4500</leader>
  <controlfield tag="001">032526963</controlfield>
  <datafield tag="245" ind1="0" ind2="0">
    <subfield code="a">Orthotics &amp; prosthetics in rehabilitation</subfield>
    <subfield code="h">[electronic resource] /</subfield>
    <subfield code="c">[edited by] Michelle M. Lusardi, Milagros &quot;Millee&quot; Jorge, Caroline Nielsen.</subfield>
  </datafield>
</record>