

<record xmlns="http://www.loc.gov/MARC21/slim"
xmlns:xsi="http://www.w3.org/2001/XMLSchema-instance"
xsi:schemaLocation="http://www.loc.gov/MARC21/slim
http://www.loc.gov/standards/marcxml/schema/MARC21slim.xsd">
  <leader>     cas  22004577a 4500</leader>
  <controlfield tag="001">026239656</controlfield>
  <datafield tag="245" ind1="0" ind2="0">
    <subfield code="a">AAP grand rounds</subfield>
    <subfield code="h">[electronic resource].</subfield>
  </datafield>
  <datafield tag="500" ind1=" " ind2=" ">
    <subfield code="a">Description based on: Vol. 5, no. 1 (Jan. 2001); title from banner (publisher&apos;s website viewed on June 9, 2005).</subfield>
    <subfield code="5">FTS</subfield>
  </datafield>
  <datafield tag="500" ind1=" " ind2=" ">
    <subfield code="a">Latest issue consulted: Vol. 13, no. 6 (June 2005)(Publisher&apos;s website viewed on June 9, 2005).</subfield>
    <subfield code="5">FTS</subfield>
  </datafield>
</record>