

<record xmlns="http://www.loc.gov/MARC21/slim"
xmlns:xsi="http://www.w3.org/2001/XMLSchema-instance"
xsi:schemaLocation="http://www.loc.gov/MARC21/slim
http://www.loc.gov/standards/marcxml/schema/MARC21slim.xsd">
  <leader>01242nam  22003858a 4500</leader>
  <controlfield tag="001">020327590</controlfield>
  <datafield tag="245" ind1="1" ind2="0">
    <subfield code="a">Principles and practice of interventional cardiology /</subfield>
    <subfield code="c">Sue Apple, Joseph Lindsay, Jr.</subfield>
  </datafield>
</record>