

<record xmlns="http://www.loc.gov/MARC21/slim"
xmlns:xsi="http://www.w3.org/2001/XMLSchema-instance"
xsi:schemaLocation="http://www.loc.gov/MARC21/slim
http://www.loc.gov/standards/marcxml/schema/MARC21slim.xsd">
  <leader>03331cas a2200649 a 4500</leader>
  <controlfield tag="001">030919412</controlfield>
  <datafield tag="245" ind1="1" ind2="0">
    <subfield code="a">Applied immunohistochemistry &amp; molecular morphology</subfield>
    <subfield code="h">[electronic resource] :</subfield>
    <subfield code="b">AIMM /</subfield>
    <subfield code="c">official publication of the Society for Applied Immunohistochemistry.</subfield>
  </datafield>
</record>