

<record xmlns="http://www.loc.gov/MARC21/slim"
xmlns:xsi="http://www.w3.org/2001/XMLSchema-instance"
xsi:schemaLocation="http://www.loc.gov/MARC21/slim
http://www.loc.gov/standards/marcxml/schema/MARC21slim.xsd">
  <leader>     nas a22     4a 4500</leader>
  <controlfield tag="001">029048530</controlfield>
  <datafield tag="245" ind1="1" ind2="0">
    <subfield code="a">Applied immunohistochmistry &amp; molecular morphology</subfield>
    <subfield code="h">[electronic resource] :</subfield>
    <subfield code="b">AIMM</subfield>
    <subfield code="c">official publication of the Society for Applied Immunohistochemistry.</subfield>
  </datafield>
  <datafield tag="500" ind1=" " ind2=" ">
    <subfield code="a">Title from homepage (viewed Oct. 15, 2007).</subfield>
    <subfield code="5">FTaSU</subfield>
  </datafield>
</record>