

<record xmlns="http://www.loc.gov/MARC21/slim"
xmlns:xsi="http://www.w3.org/2001/XMLSchema-instance"
xsi:schemaLocation="http://www.loc.gov/MARC21/slim
http://www.loc.gov/standards/marcxml/schema/MARC21slim.xsd">
  <leader>03234cas a2200769 a 4500</leader>
  <controlfield tag="001">026528184</controlfield>
  <datafield tag="245" ind1="1" ind2="0">
    <subfield code="a">Breast cancer research</subfield>
    <subfield code="h">[electronic resource].</subfield>
  </datafield>
  <datafield tag="500" ind1=" " ind2=" ">
    <subfield code="a">Developed and managed by the National Center for Biotechnology Information (NCBI) at the National Library of Medicine (NLM).</subfield>
  </datafield>
  <datafield tag="500" ind1=" " ind2=" ">
    <subfield code="a">Title from journal archive screen (BioMed Central, viewed on Oct. 11, 2010).</subfield>
    <subfield code="5">FOFT</subfield>
  </datafield>
  <datafield tag="500" ind1=" " ind2=" ">
    <subfield code="a">Developed and managed by the National Center for Biotechnology Information (NCBI) at the National Library of Medicine (NLM).</subfield>
    <subfield code="5">FOFT</subfield>
  </datafield>
  <datafield tag="500" ind1=" " ind2=" ">
    <subfield code="a">Place of publication varies.</subfield>
    <subfield code="5">FTaSU</subfield>
  </datafield>
  <datafield tag="500" ind1=" " ind2=" ">
    <subfield code="a">Title from the screen (viewed March 31, 2005).</subfield>
    <subfield code="5">FTaSU</subfield>
  </datafield>
</record>