

<record xmlns="http://www.loc.gov/MARC21/slim"
xmlns:xsi="http://www.w3.org/2001/XMLSchema-instance"
xsi:schemaLocation="http://www.loc.gov/MARC21/slim
http://www.loc.gov/standards/marcxml/schema/MARC21slim.xsd">
  <leader>     cam  2200949Ia 4500</leader>
  <controlfield tag="001">027894093</controlfield>
  <datafield tag="245" ind1="1" ind2="0">
    <subfield code="a">Genomics</subfield>
    <subfield code="h">[electronic resource] :</subfield>
    <subfield code="b">the science and technology behind the Human Genome Project /</subfield>
    <subfield code="c">Charles R. Cantor, Cassandra L. Smith.</subfield>
  </datafield>
  <datafield tag="500" ind1=" " ind2=" ">
    <subfield code="a">&quot;A Wiley-Interscience publication.&quot;</subfield>
    <subfield code="5">FTaSU</subfield>
  </datafield>
  <datafield tag="500" ind1=" " ind2=" ">
    <subfield code="a">Title from title page (viewed Aug. 16, 2006).</subfield>
    <subfield code="5">FTaSU</subfield>
  </datafield>
  <datafield tag="500" ind1=" " ind2=" ">
    <subfield code="a">&quot;A Wiley-Interscience publication.&quot;</subfield>
  </datafield>
  <datafield tag="500" ind1=" " ind2=" ">
    <subfield code="a">&quot;Published simultaneously in Canada&quot;--T.p. verso.</subfield>
  </datafield>
</record>