

<record xmlns="http://www.loc.gov/MARC21/slim"
xmlns:xsi="http://www.w3.org/2001/XMLSchema-instance"
xsi:schemaLocation="http://www.loc.gov/MARC21/slim
http://www.loc.gov/standards/marcxml/schema/MARC21slim.xsd">
  <leader>     cas  2200469 a 4500</leader>
  <controlfield tag="001">025606947</controlfield>
  <datafield tag="245" ind1="0" ind2="0">
    <subfield code="a">Clinical pediatric emergency medicine</subfield>
    <subfield code="h">[electronic resource]</subfield>
  </datafield>
  <datafield tag="500" ind1=" " ind2=" ">
    <subfield code="a">Published: Elsevier Health &lt;2005-&gt;</subfield>
    <subfield code="5">FOFT</subfield>
    <subfield code="5">FBoU</subfield>
    <subfield code="5">FMFIU</subfield>
  </datafield>
  <datafield tag="500" ind1=" " ind2=" ">
    <subfield code="a">Latest issue consulted: Vol. 6, no. 3 (Sept. 2005) (Elsevier Health website, viewed Sept. 20, 2005)</subfield>
    <subfield code="5">FBoU</subfield>
  </datafield>
  <datafield tag="500" ind1=" " ind2=" ">
    <subfield code="a">Description based on: Vol. 4, Issue 2 (June 2003) ; title from banner (Elsevier Health website, viewed Sept. 20, 2005).</subfield>
    <subfield code="5">FBoU</subfield>
    <subfield code="5">FMFIU</subfield>
  </datafield>
  <datafield tag="500" ind1=" " ind2=" ">
    <subfield code="a">Latest issue consulted: Vol. 6, no. 3 (Sept. 2005) (viewed Sept. 20, 2005).</subfield>
    <subfield code="5">FMFIU</subfield>
  </datafield>
  <datafield tag="500" ind1=" " ind2=" ">
    <subfield code="a">Title from journal homepage screen (ScienceDirect, viewed on June 14, 2006).</subfield>
    <subfield code="5">FOFT</subfield>
  </datafield>
</record>