

<record xmlns="http://www.loc.gov/MARC21/slim"
xmlns:xsi="http://www.w3.org/2001/XMLSchema-instance"
xsi:schemaLocation="http://www.loc.gov/MARC21/slim
http://www.loc.gov/standards/marcxml/schema/MARC21slim.xsd">
  <leader>     cas  22004697a 4500</leader>
  <controlfield tag="001">020415222</controlfield>
  <datafield tag="245" ind1="1" ind2="0">
    <subfield code="a">Clinics in family practice</subfield>
    <subfield code="h">[electronic resource].</subfield>
  </datafield>
  <datafield tag="500" ind1=" " ind2=" ">
    <subfield code="a">Description based on: Vol. 2, no. 1 (Mar. 2000); title from PDF article footer (Science Direct website, viewed June 19, 2009).</subfield>
    <subfield code="5">FBoU</subfield>
  </datafield>
  <datafield tag="500" ind1=" " ind2=" ">
    <subfield code="a">Last issue consulted (viewed June 19, 2009).</subfield>
    <subfield code="5">FBoU</subfield>
  </datafield>
  <datafield tag="500" ind1=" " ind2=" ">
    <subfield code="a">Published: Elsevier Health Science Division, -2005.</subfield>
    <subfield code="5">FBoU</subfield>
  </datafield>
  <datafield tag="500" ind1=" " ind2=" ">
    <subfield code="a">Issues have also distinctive titles.</subfield>
    <subfield code="5">FBoU</subfield>
  </datafield>
  <datafield tag="500" ind1=" " ind2=" ">
    <subfield code="a">Latest issue consulted: Vol. 7, Issue 3 (Sept. 2005) (Elsevier TheClinics website, viewed Sept. 21, 2005).</subfield>
    <subfield code="5">FMFIU</subfield>
  </datafield>
  <datafield tag="500" ind1=" " ind2=" ">
    <subfield code="a">Description based on: Vol. 4, no. 1 (Mar. 2002); title from banner (Elsevier TheClinics website, viewed Sept. 21, 2005).</subfield>
    <subfield code="5">FMFIU</subfield>
  </datafield>
</record>