

<record xmlns="http://www.loc.gov/MARC21/slim"
xmlns:xsi="http://www.w3.org/2001/XMLSchema-instance"
xsi:schemaLocation="http://www.loc.gov/MARC21/slim
http://www.loc.gov/standards/marcxml/schema/MARC21slim.xsd">
  <leader>00000nam  2200337u  4500</leader>
  <controlfield tag="001">022750145</controlfield>
  <datafield tag="245" ind1="1" ind2="0">
    <subfield code="a">Comprehensive respiratory medicine /</subfield>
    <subfield code="h">[electronic resouce]</subfield>
    <subfield code="c">[edited by]Richard K. Albert, Stephen G. Spiro, James R. Jett.</subfield>
  </datafield>
  <datafield tag="500" ind1=" " ind2=" ">
    <subfield code="a">No longer available 5/3/2006.</subfield>
    <subfield code="5">FTaSU</subfield>
  </datafield>
</record>