

<record xmlns="http://www.loc.gov/MARC21/slim"
xmlns:xsi="http://www.w3.org/2001/XMLSchema-instance"
xsi:schemaLocation="http://www.loc.gov/MARC21/slim
http://www.loc.gov/standards/marcxml/schema/MARC21slim.xsd">
  <leader>03675cas a2200793 a 4500</leader>
  <controlfield tag="001">020896507</controlfield>
  <datafield tag="245" ind1="1" ind2="0">
    <subfield code="a">Evidence-based healthcare</subfield>
    <subfield code="h">[electronic resource].</subfield>
  </datafield>
  <datafield tag="500" ind1=" " ind2=" ">
    <subfield code="a">Title from the title screen (viewed Sep. 18, 2003).</subfield>
    <subfield code="5">FTaSU</subfield>
  </datafield>
  <datafield tag="500" ind1=" " ind2=" ">
    <subfield code="a">Description based on: Vol. 3, no. 1 (Mar. 1999); title from journal homepage screen (ScienceDirect, viewed July 28, 2006).</subfield>
    <subfield code="5">FOFT</subfield>
  </datafield>
</record>