

<record xmlns="http://www.loc.gov/MARC21/slim"
xmlns:xsi="http://www.w3.org/2001/XMLSchema-instance"
xsi:schemaLocation="http://www.loc.gov/MARC21/slim
http://www.loc.gov/standards/marcxml/schema/MARC21slim.xsd">
  <leader>02207cas  2200541 a 4500</leader>
  <controlfield tag="001">025640733</controlfield>
  <datafield tag="245" ind1="0" ind2="0">
    <subfield code="a">Evidence-based obstetrics and gynecology</subfield>
    <subfield code="h">[computer file].</subfield>
  </datafield>
  <datafield tag="500" ind1=" " ind2=" ">
    <subfield code="a">Title from journal homepage screen (ScienceDirect, viewed on July 28, 2006).</subfield>
    <subfield code="5">FOFT</subfield>
  </datafield>
  <datafield tag="500" ind1=" " ind2=" ">
    <subfield code="a">Title from journal home page (viewed Sept. 20, 2000).</subfield>
    <subfield code="5">FBoU</subfield>
  </datafield>
</record>