

<record xmlns="http://www.loc.gov/MARC21/slim"
xmlns:xsi="http://www.w3.org/2001/XMLSchema-instance"
xsi:schemaLocation="http://www.loc.gov/MARC21/slim
http://www.loc.gov/standards/marcxml/schema/MARC21slim.xsd">
  <leader>00000cas  22004094a 4500</leader>
  <controlfield tag="001">021471576</controlfield>
  <datafield tag="245" ind1="1" ind2="0">
    <subfield code="a">Heart disease</subfield>
    <subfield code="h">[electronic resource] :</subfield>
    <subfield code="b">a journal of cardiovascular medicine.</subfield>
  </datafield>
  <datafield tag="500" ind1=" " ind2=" ">
    <subfield code="a">Full text coverage as of v.3(1) (Jan./Feb. 2001)-v.5(6) (Nov./Dec. 2003).</subfield>
    <subfield code="5">FTaSU</subfield>
  </datafield>
  <datafield tag="500" ind1=" " ind2=" ">
    <subfield code="a">Place of publication varies.</subfield>
    <subfield code="5">FTaSU</subfield>
  </datafield>
  <datafield tag="500" ind1=" " ind2=" ">
    <subfield code="a">Title from the screen (viewed Feb. 6, 2004).</subfield>
    <subfield code="5">FTaSU</subfield>
  </datafield>
</record>