

<record xmlns="http://www.loc.gov/MARC21/slim"
xmlns:xsi="http://www.w3.org/2001/XMLSchema-instance"
xsi:schemaLocation="http://www.loc.gov/MARC21/slim
http://www.loc.gov/standards/marcxml/schema/MARC21slim.xsd">
  <leader>02040cas a2200529 a 4500</leader>
  <controlfield tag="001">030257851</controlfield>
  <datafield tag="245" ind1="1" ind2="0">
    <subfield code="a">Journal of women&apos;s imaging</subfield>
    <subfield code="h">[electronic resource].</subfield>
  </datafield>
  <datafield tag="500" ind1=" " ind2=" ">
    <subfield code="a">Title from banner (viewed July 17, 2001).</subfield>
  </datafield>
  <datafield tag="500" ind1=" " ind2=" ">
    <subfield code="a">Title from banner (viewed July 17, 2001).</subfield>
    <subfield code="5">FTS</subfield>
    <subfield code="5">FU</subfield>
  </datafield>
  <datafield tag="500" ind1=" " ind2=" ">
    <subfield code="a">Title from banner (viewed July 17, 2001).</subfield>
    <subfield code="5">FTS</subfield>
    <subfield code="5">FU</subfield>
  </datafield>
  <datafield tag="500" ind1=" " ind2=" ">
    <subfield code="a">Latest issue consulted: Vol. 3, no. 1 (Feb. 2001).</subfield>
    <subfield code="5">FTS</subfield>
    <subfield code="5">FU</subfield>
  </datafield>
  <datafield tag="500" ind1=" " ind2=" ">
    <subfield code="a">Latest issue consulted: Vol. 3, no. 1 (Feb. 2001).</subfield>
    <subfield code="5">FTS</subfield>
    <subfield code="5">FU</subfield>
  </datafield>
</record>