

<record xmlns="http://www.loc.gov/MARC21/slim"
xmlns:xsi="http://www.w3.org/2001/XMLSchema-instance"
xsi:schemaLocation="http://www.loc.gov/MARC21/slim
http://www.loc.gov/standards/marcxml/schema/MARC21slim.xsd">
  <leader>00000cmm  2200469ua 4500</leader>
  <controlfield tag="001">027560290</controlfield>
  <datafield tag="245" ind1="1" ind2="0">
    <subfield code="a">Kaplan &amp; Sadock&apos;s synopsis of psychiatry and study guide and self-examination review on CD-ROM</subfield>
    <subfield code="h">[electronic resource] /</subfield>
    <subfield code="c">Harold I. Kaplan, Benjamin J. Sadock.</subfield>
  </datafield>
  <datafield tag="500" ind1=" " ind2=" ">
    <subfield code="a">&quot;Release date: Nov. 1999&quot;.</subfield>
    <subfield code="5">FTS</subfield>
    <subfield code="5">FTaSU</subfield>
  </datafield>
  <datafield tag="500" ind1=" " ind2=" ">
    <subfield code="a">Approved for a maximum 65 hr. of CME credit in category 1 of the AMA&apos;s Physician&apos;s Recognition Award.</subfield>
    <subfield code="5">FTS</subfield>
    <subfield code="5">FTaSU</subfield>
  </datafield>
  <datafield tag="500" ind1=" " ind2=" ">
    <subfield code="a">Title from disc label.</subfield>
    <subfield code="5">FTS</subfield>
    <subfield code="5">FTaSU</subfield>
  </datafield>
</record>