

<record xmlns="http://www.loc.gov/MARC21/slim"
xmlns:xsi="http://www.w3.org/2001/XMLSchema-instance"
xsi:schemaLocation="http://www.loc.gov/MARC21/slim
http://www.loc.gov/standards/marcxml/schema/MARC21slim.xsd">
  <leader>     cam  2200721 a 4500</leader>
  <controlfield tag="001">021370127</controlfield>
  <datafield tag="245" ind1="1" ind2="0">
    <subfield code="a">Analysis of health surveys /</subfield>
    <subfield code="c">Edward L. Korn, Barry I. Graubard.</subfield>
  </datafield>
  <datafield tag="500" ind1=" " ind2=" ">
    <subfield code="a">&quot;A Wiley-Interscience publication.&quot;</subfield>
    <subfield code="5">FTS</subfield>
  </datafield>
  <datafield tag="500" ind1=" " ind2=" ">
    <subfield code="a">&quot;Published simultaneously in Canada&quot;--T.p. verso.</subfield>
    <subfield code="5">FPeU</subfield>
    <subfield code="5">FU</subfield>
    <subfield code="5">FTaSU</subfield>
    <subfield code="5">FBoU</subfield>
    <subfield code="5">FOFT</subfield>
    <subfield code="5">FTaFA</subfield>
    <subfield code="5">FJUNF</subfield>
  </datafield>
</record>