

<record xmlns="http://www.loc.gov/MARC21/slim"
xmlns:xsi="http://www.w3.org/2001/XMLSchema-instance"
xsi:schemaLocation="http://www.loc.gov/MARC21/slim
http://www.loc.gov/standards/marcxml/schema/MARC21slim.xsd">
  <leader>     cam  2200337Ia 4500</leader>
  <controlfield tag="001">022752681</controlfield>
  <datafield tag="245" ind1="1" ind2="0">
    <subfield code="a">Lung function tests</subfield>
    <subfield code="h">[electronic resource] :</subfield>
    <subfield code="b">physiological principles and clinical applications /</subfield>
    <subfield code="c">edited by J.M.B. Hughes and N.B. Pride ; [foreword by Peter Macklem].</subfield>
  </datafield>
</record>