

<record xmlns="http://www.loc.gov/MARC21/slim"
xmlns:xsi="http://www.w3.org/2001/XMLSchema-instance"
xsi:schemaLocation="http://www.loc.gov/MARC21/slim
http://www.loc.gov/standards/marcxml/schema/MARC21slim.xsd">
  <leader>     cam  22004334a 4500</leader>
  <controlfield tag="001">020987793</controlfield>
  <datafield tag="245" ind1="1" ind2="4">
    <subfield code="a">The best medicine :</subfield>
    <subfield code="b">doctors, patients, and the covenant of caring /</subfield>
    <subfield code="c">Mike Magee and Michael D&apos;Antonio.</subfield>
  </datafield>
  <datafield tag="500" ind1=" " ind2=" ">
    <subfield code="a">&quot;Thomas Dunn Books&quot;--T.p. verso.</subfield>
  </datafield>
</record>