

<record xmlns="http://www.loc.gov/MARC21/slim"
xmlns:xsi="http://www.w3.org/2001/XMLSchema-instance"
xsi:schemaLocation="http://www.loc.gov/MARC21/slim
http://www.loc.gov/standards/marcxml/schema/MARC21slim.xsd">
  <leader>00000nam  22002294  4500</leader>
  <controlfield tag="001">030398249</controlfield>
  <datafield tag="245" ind1="1" ind2="4">
    <subfield code="a">The importance of medical education to Florida&apos;s economy /</subfield>
    <subfield code="c">submitted to Florida State University, Tallahassee, Florida ;submitted by MGT of America, Inc.</subfield>
  </datafield>
  <datafield tag="500" ind1=" " ind2=" ">
    <subfield code="a">November 19, 1999.</subfield>
    <subfield code="5">FTaSU</subfield>
  </datafield>
</record>