

<record xmlns="http://www.loc.gov/MARC21/slim"
xmlns:xsi="http://www.w3.org/2001/XMLSchema-instance"
xsi:schemaLocation="http://www.loc.gov/MARC21/slim
http://www.loc.gov/standards/marcxml/schema/MARC21slim.xsd">
  <leader>00000nam  22002174  4500</leader>
  <controlfield tag="001">030397718</controlfield>
  <datafield tag="245" ind1="1" ind2="0">
    <subfield code="a">Plan for an expanded program in medical sciences at Florida State University :</subfield>
    <subfield code="b">prepared in response to legislative proviso in Specific Appropriations 179A, 183A, 211A and 211B of the 1999 General Appropriations Act /</subfield>
    <subfield code="c">submitted to Florida State University, Tallahassee, Florida ;submitted by MGT of America, Inc.</subfield>
  </datafield>
  <datafield tag="500" ind1=" " ind2=" ">
    <subfield code="a">November 15, 1999.</subfield>
  </datafield>
</record>