

<record xmlns="http://www.loc.gov/MARC21/slim"
xmlns:xsi="http://www.w3.org/2001/XMLSchema-instance"
xsi:schemaLocation="http://www.loc.gov/MARC21/slim
http://www.loc.gov/standards/marcxml/schema/MARC21slim.xsd">
  <leader>     cmm  22003254a 4500</leader>
  <controlfield tag="001">029831994</controlfield>
  <datafield tag="245" ind1="1" ind2="0">
    <subfield code="a">Interactive atlas of human anatomy</subfield>
    <subfield code="h">[electronic resource] /</subfield>
    <subfield code="c">Frank H. Netter.</subfield>
  </datafield>
  <datafield tag="500" ind1=" " ind2=" ">
    <subfield code="a">Title from disc label.</subfield>
    <subfield code="5">FTaSU</subfield>
  </datafield>
  <datafield tag="500" ind1=" " ind2=" ">
    <subfield code="a">&quot;EXL-9573&quot;--Container.</subfield>
    <subfield code="5">FTaSU</subfield>
  </datafield>
</record>