

<record xmlns="http://www.loc.gov/MARC21/slim"
xmlns:xsi="http://www.w3.org/2001/XMLSchema-instance"
xsi:schemaLocation="http://www.loc.gov/MARC21/slim
http://www.loc.gov/standards/marcxml/schema/MARC21slim.xsd">
  <leader>     cas  22004697a 4500</leader>
  <controlfield tag="001">026081622</controlfield>
  <datafield tag="245" ind1="1" ind2="0">
    <subfield code="a">Operative techniques in general surgery</subfield>
    <subfield code="h">[electronic resource].</subfield>
  </datafield>
  <datafield tag="500" ind1=" " ind2=" ">
    <subfield code="a">Title from journal homepage screen (ScienceDirect, viewed on July 6, 2009).</subfield>
    <subfield code="5">FOFT</subfield>
  </datafield>
  <datafield tag="500" ind1=" " ind2=" ">
    <subfield code="a">Published: Elsevier Health, &lt;2005&gt;</subfield>
    <subfield code="5">FBoU</subfield>
    <subfield code="5">FOFT</subfield>
  </datafield>
  <datafield tag="500" ind1=" " ind2=" ">
    <subfield code="a">Description based on: Vol. 4, no. 1 (Jan. 2002); title from banner (Elsevier Health website, viewed Sept. 27, 2005).</subfield>
    <subfield code="5">FBoU</subfield>
  </datafield>
  <datafield tag="500" ind1=" " ind2=" ">
    <subfield code="a">Latest issue consulted: Vol. 7, no. 1 (Mar. 2005) (Elsevier Health website, viewed Sept. 27, 2005).</subfield>
    <subfield code="5">FBoU</subfield>
  </datafield>
</record>