

<record xmlns="http://www.loc.gov/MARC21/slim"
xmlns:xsi="http://www.w3.org/2001/XMLSchema-instance"
xsi:schemaLocation="http://www.loc.gov/MARC21/slim
http://www.loc.gov/standards/marcxml/schema/MARC21slim.xsd">
  <leader>00000nam  22003254  4500</leader>
  <controlfield tag="001">030401976</controlfield>
  <datafield tag="245" ind1="1" ind2="0">
    <subfield code="a">Panel for the study of end-of-life care :</subfield>
    <subfield code="b">final report /</subfield>
    <subfield code="c">submitted by Panel for the study of end-of-life care.</subfield>
  </datafield>
  <datafield tag="500" ind1=" " ind2=" ">
    <subfield code="a">Includes Appendix.1-6.</subfield>
  </datafield>
  <datafield tag="500" ind1=" " ind2=" ">
    <subfield code="a">Title from cover.</subfield>
  </datafield>
  <datafield tag="590" ind1=" " ind2=" ">
    <subfield code="a">Florida State University faculty publication.</subfield>
  </datafield>
</record>