

<record xmlns="http://www.loc.gov/MARC21/slim"
xmlns:xsi="http://www.w3.org/2001/XMLSchema-instance"
xsi:schemaLocation="http://www.loc.gov/MARC21/slim
http://www.loc.gov/standards/marcxml/schema/MARC21slim.xsd">
  <leader>     cas  2200589 a 4500</leader>
  <controlfield tag="001">020652325</controlfield>
  <datafield tag="245" ind1="1" ind2="0">
    <subfield code="a">Rheumatology</subfield>
    <subfield code="h">[electronic resource].</subfield>
  </datafield>
  <datafield tag="500" ind1=" " ind2=" ">
    <subfield code="a">Title from publication overview screen (Oxford University Press, viewed on Feb. 5, 2009).</subfield>
    <subfield code="5">FOFT</subfield>
  </datafield>
  <datafield tag="500" ind1=" " ind2=" ">
    <subfield code="a">Title from title screen.</subfield>
    <subfield code="5">FBoU</subfield>
  </datafield>
  <datafield tag="500" ind1=" " ind2=" ">
    <subfield code="a">Print version of Rheumatology (Oxford, England) was called: British journal of rheumatology from Feb. 1983 to Dec. 1998.</subfield>
    <subfield code="5">FPeU</subfield>
  </datafield>
  <datafield tag="500" ind1=" " ind2=" ">
    <subfield code="a">Description based on: Vol. 22, no. 1 (Feb. 1983); title from journal information screen (viewed Dec. 10, 2001).</subfield>
    <subfield code="5">FPeU</subfield>
  </datafield>
</record>