

<record xmlns="http://www.loc.gov/MARC21/slim"
xmlns:xsi="http://www.w3.org/2001/XMLSchema-instance"
xsi:schemaLocation="http://www.loc.gov/MARC21/slim
http://www.loc.gov/standards/marcxml/schema/MARC21slim.xsd">
  <leader>00000nam  2200373u  4500</leader>
  <controlfield tag="001">022708850</controlfield>
  <datafield tag="245" ind1="1" ind2="0">
    <subfield code="a">Textbook of natural medicine /</subfield>
    <subfield code="h">[electronic resource]</subfield>
    <subfield code="c">[edited by]Joseph E. Pizzorno and Michael T. Murray.</subfield>
  </datafield>
  <datafield tag="500" ind1=" " ind2=" ">
    <subfield code="a">Title from the screen (viewed June 3, 2003).</subfield>
  </datafield>
</record>