

<record xmlns="http://www.loc.gov/MARC21/slim"
xmlns:xsi="http://www.w3.org/2001/XMLSchema-instance"
xsi:schemaLocation="http://www.loc.gov/MARC21/slim
http://www.loc.gov/standards/marcxml/schema/MARC21slim.xsd">
  <leader>00000cam  2200373ua 4500</leader>
  <controlfield tag="001">029709034</controlfield>
  <datafield tag="245" ind1="0" ind2="0">
    <subfield code="a">Food hypersensitivity and adverse reactions :</subfield>
    <subfield code="b">a practical guide for diagnosis and management /</subfield>
    <subfield code="c">edited by Marianne Frieri, Brett Kettelhut.</subfield>
  </datafield>
</record>