

<record xmlns="http://www.loc.gov/MARC21/slim"
xmlns:xsi="http://www.w3.org/2001/XMLSchema-instance"
xsi:schemaLocation="http://www.loc.gov/MARC21/slim
http://www.loc.gov/standards/marcxml/schema/MARC21slim.xsd">
  <leader>00000cam  2200337ua 4500</leader>
  <controlfield tag="001">028006576</controlfield>
  <datafield tag="245" ind1="0" ind2="4">
    <subfield code="a">The AIDS knowledge base :</subfield>
    <subfield code="b">a textbook on HIV disease from the University of California, San Francisco School of Medicine, and San Francisco General Hospital /</subfield>
    <subfield code="c">editors, P.T. Cohen, Merle A. Sande, Paul A. Volberding ; associate editors, Dennis H. Osmond ... [et al.].</subfield>
  </datafield>
</record>