

<record xmlns="http://www.loc.gov/MARC21/slim"
xmlns:xsi="http://www.w3.org/2001/XMLSchema-instance"
xsi:schemaLocation="http://www.loc.gov/MARC21/slim
http://www.loc.gov/standards/marcxml/schema/MARC21slim.xsd">
  <leader>00000nam  2200349   4500</leader>
  <controlfield tag="001">022777639</controlfield>
  <datafield tag="245" ind1="0" ind2="0">
    <subfield code="a">Manual of clinical problems in infectious disease</subfield>
    <subfield code="h">[electronic resource] /</subfield>
    <subfield code="c">Nelson M. Gantz ... [et al.].</subfield>
  </datafield>
  <datafield tag="500" ind1=" " ind2=" ">
    <subfield code="a">Cancelled access 4/21/2006.</subfield>
    <subfield code="5">FTaSU</subfield>
  </datafield>
</record>