

<record xmlns="http://www.loc.gov/MARC21/slim"
xmlns:xsi="http://www.w3.org/2001/XMLSchema-instance"
xsi:schemaLocation="http://www.loc.gov/MARC21/slim
http://www.loc.gov/standards/marcxml/schema/MARC21slim.xsd">
  <leader>00000nam  2200337u  4500</leader>
  <controlfield tag="001">022729584</controlfield>
  <datafield tag="245" ind1="0" ind2="0">
    <subfield code="a">Infectious disease /</subfield>
    <subfield code="h">[electronic resource]</subfield>
    <subfield code="c">[edited by]Donald Armstrong, Jonathan Cohen;[section editors]Seth F. Berkley...[et al.].</subfield>
  </datafield>
</record>