

<record xmlns="http://www.loc.gov/MARC21/slim"
xmlns:xsi="http://www.w3.org/2001/XMLSchema-instance"
xsi:schemaLocation="http://www.loc.gov/MARC21/slim
http://www.loc.gov/standards/marcxml/schema/MARC21slim.xsd">
  <leader>01935cas  2200517 a 4500</leader>
  <controlfield tag="001">020119109</controlfield>
  <datafield tag="245" ind1="0" ind2="0">
    <subfield code="a">Science&apos;s STKE</subfield>
    <subfield code="h">[electronic resource] :</subfield>
    <subfield code="b">signal transduction knowledge environment.</subfield>
  </datafield>
  <datafield tag="500" ind1=" " ind2=" ">
    <subfield code="a">Latest issue consulted: Issue 216 (20 Jan. 2004).</subfield>
    <subfield code="5">FU</subfield>
    <subfield code="5">FTS</subfield>
  </datafield>
  <datafield tag="590" ind1=" " ind2=" ">
    <subfield code="a">Access only available inside the Moffitt computer network.</subfield>
    <subfield code="5">FTS</subfield>
  </datafield>
</record>