

<record xmlns="http://www.loc.gov/MARC21/slim"
xmlns:xsi="http://www.w3.org/2001/XMLSchema-instance"
xsi:schemaLocation="http://www.loc.gov/MARC21/slim
http://www.loc.gov/standards/marcxml/schema/MARC21slim.xsd">
  <leader>00000nam  2200349u  4500</leader>
  <controlfield tag="001">022695443</controlfield>
  <datafield tag="245" ind1="1" ind2="0">
    <subfield code="a">Allergy :</subfield>
    <subfield code="b">principles and practice /</subfield>
    <subfield code="h">[electronic resource]</subfield>
    <subfield code="c">edited by Elliott Middleton, Jr. ...[et al.].</subfield>
  </datafield>
  <datafield tag="500" ind1=" " ind2=" ">
    <subfield code="a">Title from the screen (viewed May 27, 2003).</subfield>
  </datafield>
</record>