

<record xmlns="http://www.loc.gov/MARC21/slim"
xmlns:xsi="http://www.w3.org/2001/XMLSchema-instance"
xsi:schemaLocation="http://www.loc.gov/MARC21/slim
http://www.loc.gov/standards/marcxml/schema/MARC21slim.xsd">
  <leader>00000nam  2200265 a 4500</leader>
  <controlfield tag="001">023174613</controlfield>
  <datafield tag="245" ind1="1" ind2="0">
    <subfield code="a">Teaching in nursing :</subfield>
    <subfield code="b">a guide for faculty /</subfield>
    <subfield code="c">Diane M. Billings, Judith A. Halstead.</subfield>
  </datafield>
  <datafield tag="500" ind1=" " ind2=" ">
    <subfield code="a">Includes bibliographical references and index.</subfield>
    <subfield code="5">FMFIU</subfield>
  </datafield>
</record>