

<record xmlns="http://www.loc.gov/MARC21/slim"
xmlns:xsi="http://www.w3.org/2001/XMLSchema-instance"
xsi:schemaLocation="http://www.loc.gov/MARC21/slim
http://www.loc.gov/standards/marcxml/schema/MARC21slim.xsd">
  <leader>00992cas  2200301Ma 4500</leader>
  <controlfield tag="001">023318748</controlfield>
  <datafield tag="245" ind1="1" ind2="0">
    <subfield code="a">Clinical cornerstone</subfield>
    <subfield code="h">[electronic resource].</subfield>
  </datafield>
  <datafield tag="500" ind1=" " ind2=" ">
    <subfield code="a">Title from journal homepage screen (ScienceDirect, viewed on June 13, 2006).</subfield>
    <subfield code="5">FOFT</subfield>
  </datafield>
  <datafield tag="500" ind1=" " ind2=" ">
    <subfield code="a">Title from the screen (viewed Feb. 8, 2007).</subfield>
    <subfield code="5">FTaSU</subfield>
  </datafield>
</record>