

<record xmlns="http://www.loc.gov/MARC21/slim"
xmlns:xsi="http://www.w3.org/2001/XMLSchema-instance"
xsi:schemaLocation="http://www.loc.gov/MARC21/slim
http://www.loc.gov/standards/marcxml/schema/MARC21slim.xsd">
  <leader>01067cas  2200337 a 45 0</leader>
  <controlfield tag="001">021239087</controlfield>
  <datafield tag="245" ind1="1" ind2="0">
    <subfield code="a">Clinical geriatrics</subfield>
    <subfield code="h">[electronic resource].</subfield>
  </datafield>
  <datafield tag="500" ind1=" " ind2=" ">
    <subfield code="a">Latest issue consulted: Vol. 12, no. 3 (Mar. 2004).</subfield>
    <subfield code="5">FBoU</subfield>
  </datafield>
  <datafield tag="500" ind1=" " ind2=" ">
    <subfield code="a">Title from the screen (viewed Nov. 20, 2003).</subfield>
    <subfield code="5">FTaSU</subfield>
  </datafield>
  <datafield tag="500" ind1=" " ind2=" ">
    <subfield code="a">Description based on: Vol. 6, no. 1 (Jan. 1998); title from title screen (viewed Apr. 20, 2004).</subfield>
    <subfield code="5">FPeU</subfield>
    <subfield code="5">FBoU</subfield>
  </datafield>
  <datafield tag="500" ind1=" " ind2=" ">
    <subfield code="a">Supplements called &quot;special issue&quot; may have also a disntinctive title.</subfield>
    <subfield code="5">FTaSU</subfield>
  </datafield>
</record>