

<record xmlns="http://www.loc.gov/MARC21/slim"
xmlns:xsi="http://www.w3.org/2001/XMLSchema-instance"
xsi:schemaLocation="http://www.loc.gov/MARC21/slim
http://www.loc.gov/standards/marcxml/schema/MARC21slim.xsd">
  <leader>00000cam  2200337ua 4500</leader>
  <controlfield tag="001">029075302</controlfield>
  <datafield tag="245" ind1="1" ind2="0">
    <subfield code="a">Pathology /</subfield>
    <subfield code="c">Ivan Damjanov, Philip B. Conran, Peter J. Goldblatt.</subfield>
  </datafield>
  <datafield tag="500" ind1=" " ind2=" ">
    <subfield code="a">Includes index.</subfield>
    <subfield code="5">FTaSU</subfield>
    <subfield code="5">FU</subfield>
  </datafield>
</record>