

<record xmlns="http://www.loc.gov/MARC21/slim"
xmlns:xsi="http://www.w3.org/2001/XMLSchema-instance"
xsi:schemaLocation="http://www.loc.gov/MARC21/slim
http://www.loc.gov/standards/marcxml/schema/MARC21slim.xsd">
  <leader>01230cam  2200397 a 4500</leader>
  <controlfield tag="001">024672287</controlfield>
  <datafield tag="245" ind1="1" ind2="0">
    <subfield code="a">Principles of medical genetics /</subfield>
    <subfield code="c">Thomas D. Gelehrter, Francis S. Collins, David Ginsburg.</subfield>
  </datafield>
</record>