

<record xmlns="http://www.loc.gov/MARC21/slim"
xmlns:xsi="http://www.w3.org/2001/XMLSchema-instance"
xsi:schemaLocation="http://www.loc.gov/MARC21/slim
http://www.loc.gov/standards/marcxml/schema/MARC21slim.xsd">
  <leader>     cas  2200577 a 4500</leader>
  <controlfield tag="001">021471186</controlfield>
  <datafield tag="245" ind1="1" ind2="0">
    <subfield code="a">Genetics in medicine</subfield>
    <subfield code="h">[electronic resource] :</subfield>
    <subfield code="b">official journal of the American College of Medical Genetics.</subfield>
  </datafield>
  <datafield tag="500" ind1=" " ind2=" ">
    <subfield code="a">Title from Ovid&apos;s site (viewed Feb. 6, 2004).</subfield>
    <subfield code="5">FTaSU</subfield>
  </datafield>
  <datafield tag="500" ind1=" " ind2=" ">
    <subfield code="a">Published: Hagerstown : Lippincott, Williams &amp; Wilkins, &lt;2005-&gt;</subfield>
    <subfield code="5">FTaSU</subfield>
  </datafield>
</record>