

<record xmlns="http://www.loc.gov/MARC21/slim"
xmlns:xsi="http://www.w3.org/2001/XMLSchema-instance"
xsi:schemaLocation="http://www.loc.gov/MARC21/slim
http://www.loc.gov/standards/marcxml/schema/MARC21slim.xsd">
  <leader>02377cas  22005897a 4500</leader>
  <controlfield tag="001">020640266</controlfield>
  <datafield tag="245" ind1="1" ind2="0">
    <subfield code="a">Journal of palliative medicine</subfield>
    <subfield code="h">[electronic resource].</subfield>
  </datafield>
  <datafield tag="500" ind1=" " ind2=" ">
    <subfield code="a">Description based on: Vol. 4, no. 1 (2001); title from journal information screen (viewed July 10, 2001).</subfield>
    <subfield code="5">FTS</subfield>
  </datafield>
  <datafield tag="500" ind1=" " ind2=" ">
    <subfield code="a">Latest issue consulted: Vol. 8, no. 4 (Aug. 2005) (viewed Mary Ann Liebert website Sept. 6, 2005).</subfield>
    <subfield code="5">FTS</subfield>
  </datafield>
  <datafield tag="500" ind1=" " ind2=" ">
    <subfield code="a">Description based on: Vol. 1, no. 1 (spring 1998); title from title screen (viewed Feb. 25, 2003).</subfield>
    <subfield code="5">FOFT</subfield>
  </datafield>
  <datafield tag="500" ind1=" " ind2=" ">
    <subfield code="a">Title from homepage (viewed Dec.4, 2003).</subfield>
    <subfield code="5">FTaSU</subfield>
  </datafield>
</record>