

<record xmlns="http://www.loc.gov/MARC21/slim"
xmlns:xsi="http://www.w3.org/2001/XMLSchema-instance"
xsi:schemaLocation="http://www.loc.gov/MARC21/slim
http://www.loc.gov/standards/marcxml/schema/MARC21slim.xsd">
  <leader>00000pam  2200313 a 4500</leader>
  <controlfield tag="001">023140139</controlfield>
  <datafield tag="245" ind1="1" ind2="4">
    <subfield code="a">The heart of long-term care /</subfield>
    <subfield code="c">Rosalie A. Kane, Robert L. Kane, Richard C. Ladd.</subfield>
  </datafield>
</record>