

<record xmlns="http://www.loc.gov/MARC21/slim"
xmlns:xsi="http://www.w3.org/2001/XMLSchema-instance"
xsi:schemaLocation="http://www.loc.gov/MARC21/slim
http://www.loc.gov/standards/marcxml/schema/MARC21slim.xsd">
  <leader>03877cas a2200865 a 4500</leader>
  <controlfield tag="001">024325754</controlfield>
  <datafield tag="245" ind1="1" ind2="0">
    <subfield code="a">Neuromodulation</subfield>
    <subfield code="h">[electronic resource].</subfield>
  </datafield>
  <datafield tag="500" ind1=" " ind2=" ">
    <subfield code="a">Description based on: Vol. 2, issue 1 (Jan. 1999); title from table of contents screen (publisher&apos;s Website, viewed Dec. 24, 2003).</subfield>
    <subfield code="5">FPeU</subfield>
  </datafield>
</record>