

<record xmlns="http://www.loc.gov/MARC21/slim"
xmlns:xsi="http://www.w3.org/2001/XMLSchema-instance"
xsi:schemaLocation="http://www.loc.gov/MARC21/slim
http://www.loc.gov/standards/marcxml/schema/MARC21slim.xsd">
  <leader>00000nas  2200397u  4500</leader>
  <controlfield tag="001">021004352</controlfield>
  <datafield tag="245" ind1="0" ind2="0">
    <subfield code="a">Prevention &amp; treatment</subfield>
    <subfield code="h">[electronic resource].</subfield>
  </datafield>
  <datafield tag="500" ind1=" " ind2=" ">
    <subfield code="a">Full text coverage :v.1 (Sep.22, 1997)-</subfield>
    <subfield code="5">FTaSU</subfield>
  </datafield>
  <datafield tag="500" ind1=" " ind2=" ">
    <subfield code="a">Title from the screen (viewed Oct. 8, 2003).</subfield>
    <subfield code="5">FTaSU</subfield>
  </datafield>
</record>