

<record xmlns="http://www.loc.gov/MARC21/slim"
xmlns:xsi="http://www.w3.org/2001/XMLSchema-instance"
xsi:schemaLocation="http://www.loc.gov/MARC21/slim
http://www.loc.gov/standards/marcxml/schema/MARC21slim.xsd">
  <leader>00000nas  2200505Ma 4500</leader>
  <controlfield tag="001">021097909</controlfield>
  <datafield tag="245" ind1="0" ind2="0">
    <subfield code="a">Psychoanalytic psychology</subfield>
    <subfield code="h">[electronic resource].</subfield>
  </datafield>
  <datafield tag="500" ind1=" " ind2=" ">
    <subfield code="a">Full text coverage :v.15(1) (winter, 1998)-</subfield>
    <subfield code="5">FTaSU</subfield>
  </datafield>
  <datafield tag="500" ind1=" " ind2=" ">
    <subfield code="a">Description based on: Vol. 15, no. 1 (winter 1998); title from journal search screen (viewed Nov. 29, 2001).</subfield>
    <subfield code="5">FTaSU</subfield>
    <subfield code="5">FU</subfield>
    <subfield code="5">FTS</subfield>
  </datafield>
</record>