

<record xmlns="http://www.loc.gov/MARC21/slim"
xmlns:xsi="http://www.w3.org/2001/XMLSchema-instance"
xsi:schemaLocation="http://www.loc.gov/MARC21/slim
http://www.loc.gov/standards/marcxml/schema/MARC21slim.xsd">
  <leader>00000cam  2200325ua 4500</leader>
  <controlfield tag="001">029599574</controlfield>
  <datafield tag="245" ind1="1" ind2="0">
    <subfield code="a">Language delays and disorders :</subfield>
    <subfield code="b">from research to practice /</subfield>
    <subfield code="c">Lydia R. Smiley, Peggy A. Goldstein.</subfield>
  </datafield>
</record>