

<record xmlns="http://www.loc.gov/MARC21/slim"
xmlns:xsi="http://www.w3.org/2001/XMLSchema-instance"
xsi:schemaLocation="http://www.loc.gov/MARC21/slim
http://www.loc.gov/standards/marcxml/schema/MARC21slim.xsd">
  <leader>     nam  22     uu 4500</leader>
  <controlfield tag="001">026770204</controlfield>
  <datafield tag="245" ind1="0" ind2="0">
    <subfield code="a">Practice guideline for the treatment of patients with panic disorder /</subfield>
    <subfield code="h">[electronic resource].</subfield>
  </datafield>
  <datafield tag="500" ind1=" " ind2=" ">
    <subfield code="a">Title from title screen (viewed Sep.2, 2005).</subfield>
  </datafield>
</record>