

<record xmlns="http://www.loc.gov/MARC21/slim"
xmlns:xsi="http://www.w3.org/2001/XMLSchema-instance"
xsi:schemaLocation="http://www.loc.gov/MARC21/slim
http://www.loc.gov/standards/marcxml/schema/MARC21slim.xsd">
  <leader>     cam  2200397 a 4500</leader>
  <controlfield tag="001">023032993</controlfield>
  <datafield tag="245" ind1="1" ind2="0">
    <subfield code="a">Clinical anatomy /</subfield>
    <subfield code="c">Ernest W. April ; illustrated by Anne Erickson, Salvatore Montano.</subfield>
  </datafield>
  <datafield tag="500" ind1=" " ind2=" ">
    <subfield code="a">Includes index.</subfield>
    <subfield code="5">FFmFGC</subfield>
    <subfield code="5">FTS</subfield>
    <subfield code="5">FTaSU</subfield>
  </datafield>
  <datafield tag="500" ind1=" " ind2=" ">
    <subfield code="a">Rev. ed. of:Anatomy. 2nd ed.c1990.</subfield>
    <subfield code="5">FTaSU</subfield>
  </datafield>
</record>