

<record xmlns="http://www.loc.gov/MARC21/slim"
xmlns:xsi="http://www.w3.org/2001/XMLSchema-instance"
xsi:schemaLocation="http://www.loc.gov/MARC21/slim
http://www.loc.gov/standards/marcxml/schema/MARC21slim.xsd">
  <leader>01389cas  2200373Ia 4500</leader>
  <controlfield tag="001">028528382</controlfield>
  <datafield tag="245" ind1="0" ind2="0">
    <subfield code="a">Clinics in sports medicine</subfield>
    <subfield code="h">[computer file].</subfield>
  </datafield>
  <datafield tag="500" ind1=" " ind2=" ">
    <subfield code="a">RECORD IS FOR PAYMENT ONLY.</subfield>
    <subfield code="5">FFmFGC</subfield>
  </datafield>
  <datafield tag="500" ind1=" " ind2=" ">
    <subfield code="a">Latest issue consulted: Vol. 24, no. 2 (April 2005).</subfield>
    <subfield code="5">FBoU</subfield>
    <subfield code="5">FFmFGC</subfield>
  </datafield>
  <datafield tag="500" ind1=" " ind2=" ">
    <subfield code="a">Published 2005- : New York : Elsevier.</subfield>
    <subfield code="5">FBoU</subfield>
    <subfield code="5">FFmFGC</subfield>
  </datafield>
  <datafield tag="500" ind1=" " ind2=" ">
    <subfield code="a">Title from journal information screen as viewed Jan. 12, 1999.</subfield>
    <subfield code="5">FBoU</subfield>
    <subfield code="5">FFmFGC</subfield>
  </datafield>
</record>