

<record xmlns="http://www.loc.gov/MARC21/slim"
xmlns:xsi="http://www.w3.org/2001/XMLSchema-instance"
xsi:schemaLocation="http://www.loc.gov/MARC21/slim
http://www.loc.gov/standards/marcxml/schema/MARC21slim.xsd">
  <leader>     nas a22      a 4500</leader>
  <controlfield tag="001">029675226</controlfield>
  <datafield tag="245" ind1="1" ind2="0">
    <subfield code="a">European journal of pain</subfield>
    <subfield code="h">[electronic resource] :</subfield>
    <subfield code="b">EJP</subfield>
  </datafield>
  <datafield tag="500" ind1=" " ind2=" ">
    <subfield code="a">Title from the screen (viewed May 9, 2008).</subfield>
    <subfield code="5">FTaSU</subfield>
  </datafield>
</record>