

<record xmlns="http://www.loc.gov/MARC21/slim"
xmlns:xsi="http://www.w3.org/2001/XMLSchema-instance"
xsi:schemaLocation="http://www.loc.gov/MARC21/slim
http://www.loc.gov/standards/marcxml/schema/MARC21slim.xsd">
  <leader>01105cam  22003138a 4500</leader>
  <controlfield tag="001">023224233</controlfield>
  <datafield tag="245" ind1="1" ind2="4">
    <subfield code="a">The spirit catches you and you fall down :</subfield>
    <subfield code="b">a Hmong child, her American doctors, and the collision of two cultures /</subfield>
    <subfield code="c">Anne Fadiman.</subfield>
  </datafield>
</record>