

<record xmlns="http://www.loc.gov/MARC21/slim"
xmlns:xsi="http://www.w3.org/2001/XMLSchema-instance"
xsi:schemaLocation="http://www.loc.gov/MARC21/slim
http://www.loc.gov/standards/marcxml/schema/MARC21slim.xsd">
  <leader>     cam  2200301 a 4500</leader>
  <controlfield tag="001">023845559</controlfield>
  <datafield tag="245" ind1="1" ind2="0">
    <subfield code="a">Medical meanings :</subfield>
    <subfield code="b">a glossary of word origins /</subfield>
    <subfield code="c">William S. Haubrich.</subfield>
  </datafield>
</record>