

<record xmlns="http://www.loc.gov/MARC21/slim"
xmlns:xsi="http://www.w3.org/2001/XMLSchema-instance"
xsi:schemaLocation="http://www.loc.gov/MARC21/slim
http://www.loc.gov/standards/marcxml/schema/MARC21slim.xsd">
  <leader>01620cas  22003977a 4500</leader>
  <controlfield tag="001">028661911</controlfield>
  <datafield tag="245" ind1="0" ind2="0">
    <subfield code="a">Journal of the American Society of Echocardiography</subfield>
    <subfield code="h">[electronic resource].</subfield>
  </datafield>
  <datafield tag="500" ind1=" " ind2=" ">
    <subfield code="a">Latest issue consulted: Vol. 18, issue 11 (Nov. 2005) (ScienceDirect, viewed Dec. 16, 2005).</subfield>
    <subfield code="5">FBoU</subfield>
    <subfield code="5">FMFIU</subfield>
  </datafield>
  <datafield tag="500" ind1=" " ind2=" ">
    <subfield code="a">Description based on: Vol. 10, no. 1 (Jan./Feb. 1997); title from contents screen (viewed Dec. 4, 2000).</subfield>
    <subfield code="5">FBoU</subfield>
    <subfield code="5">FMFIU</subfield>
  </datafield>
  <datafield tag="500" ind1=" " ind2=" ">
    <subfield code="a">Title from theMDC&apos;s title page (viewed Sep. 22, 2003).</subfield>
    <subfield code="5">FTaSU</subfield>
  </datafield>
</record>