

<record xmlns="http://www.loc.gov/MARC21/slim"
xmlns:xsi="http://www.w3.org/2001/XMLSchema-instance"
xsi:schemaLocation="http://www.loc.gov/MARC21/slim
http://www.loc.gov/standards/marcxml/schema/MARC21slim.xsd">
  <leader>00000cam  2200301 a 4500</leader>
  <controlfield tag="001">022978278</controlfield>
  <datafield tag="245" ind1="1" ind2="0">
    <subfield code="a">Dictionary of medical syndromes /</subfield>
    <subfield code="c">Sergio I. Magalini, Sabina C. Magalini.</subfield>
  </datafield>
  <datafield tag="500" ind1=" " ind2=" ">
    <subfield code="a">Rev. ed. of: Dictionary of medical syndromes / Sergio I. Magalini, Sabina C. Magalini, Giovanni de Francisci. 3rd ed. c1990.</subfield>
    <subfield code="5">FU</subfield>
    <subfield code="5">FMFIU</subfield>
  </datafield>
</record>