

<record xmlns="http://www.loc.gov/MARC21/slim"
xmlns:xsi="http://www.w3.org/2001/XMLSchema-instance"
xsi:schemaLocation="http://www.loc.gov/MARC21/slim
http://www.loc.gov/standards/marcxml/schema/MARC21slim.xsd">
  <leader>00000nam  22002534  4500</leader>
  <controlfield tag="001">029800225</controlfield>
  <datafield tag="245" ind1="1" ind2="4">
    <subfield code="a">The Netter Collection of medical illustrations /</subfield>
    <subfield code="c">prepared by Frank H. Netter ;edited by James D. Heckman; with a foreword by Henry J. Mankin.</subfield>
  </datafield>
  <datafield tag="500" ind1=" " ind2=" ">
    <subfield code="a">Formely :The CIBA collection of medical illustrations.</subfield>
    <subfield code="5">FTaSU</subfield>
  </datafield>
</record>