

<record xmlns="http://www.loc.gov/MARC21/slim"
xmlns:xsi="http://www.w3.org/2001/XMLSchema-instance"
xsi:schemaLocation="http://www.loc.gov/MARC21/slim
http://www.loc.gov/standards/marcxml/schema/MARC21slim.xsd">
  <leader>     cgm  22003134a 4500</leader>
  <controlfield tag="001">029763827</controlfield>
  <datafield tag="245" ind1="0" ind2="0">
    <subfield code="a">Self harm</subfield>
    <subfield code="h">[videorecording] /</subfield>
    <subfield code="c">a presentation of Films for the Humanities &amp; Sciences ; Dark Horse Productions Limited production for BBC.</subfield>
  </datafield>
</record>