

<record xmlns="http://www.loc.gov/MARC21/slim"
xmlns:xsi="http://www.w3.org/2001/XMLSchema-instance"
xsi:schemaLocation="http://www.loc.gov/MARC21/slim
http://www.loc.gov/standards/marcxml/schema/MARC21slim.xsd">
  <leader>     cgm  2200493Ia 4500</leader>
  <controlfield tag="001">029763774</controlfield>
  <datafield tag="245" ind1="0" ind2="0">
    <subfield code="a">Personality disorders</subfield>
    <subfield code="h">[videorecording] /</subfield>
    <subfield code="c">a presentation of Films for the Humanities &amp; Sciences ; written by Steve Peters ; produced and directed by Steve Collier ; University of Sheffield.</subfield>
  </datafield>
  <datafield tag="500" ind1=" " ind2=" ">
    <subfield code="a">&quot;A visual aid based on ICD 10.&quot;</subfield>
    <subfield code="5">FTaSU</subfield>
  </datafield>
  <datafield tag="500" ind1=" " ind2=" ">
    <subfield code="a">Title from title screen.</subfield>
    <subfield code="5">FTaSU</subfield>
  </datafield>
  <datafield tag="500" ind1=" " ind2=" ">
    <subfield code="a">Content titles from website.</subfield>
    <subfield code="5">FTaSU</subfield>
  </datafield>
  <datafield tag="500" ind1=" " ind2=" ">
    <subfield code="a">Additional features offered on FMG ONDemand include: textbook alignment and learning object information and standards for individual titles.</subfield>
    <subfield code="5">FTaSU</subfield>
  </datafield>
</record>