

<record xmlns="http://www.loc.gov/MARC21/slim"
xmlns:xsi="http://www.w3.org/2001/XMLSchema-instance"
xsi:schemaLocation="http://www.loc.gov/MARC21/slim
http://www.loc.gov/standards/marcxml/schema/MARC21slim.xsd">
  <leader>     cas  2200577 a 4500</leader>
  <controlfield tag="001">028353051</controlfield>
  <datafield tag="245" ind1="0" ind2="0">
    <subfield code="a">Prostate cancer and prostatic diseases</subfield>
    <subfield code="h">[electronic resource].</subfield>
  </datafield>
  <datafield tag="500" ind1=" " ind2=" ">
    <subfield code="a">Title from homepage (viewed April 16, 2007).</subfield>
    <subfield code="5">FTaSU</subfield>
  </datafield>
</record>