

<record xmlns="http://www.loc.gov/MARC21/slim"
xmlns:xsi="http://www.w3.org/2001/XMLSchema-instance"
xsi:schemaLocation="http://www.loc.gov/MARC21/slim
http://www.loc.gov/standards/marcxml/schema/MARC21slim.xsd">
  <leader>01105pam  2200325 a 4500</leader>
  <controlfield tag="001">023779232</controlfield>
  <datafield tag="245" ind1="0" ind2="0">
    <subfield code="a">Mastery of surgery /</subfield>
    <subfield code="c">edited by Lloyd M. Nyhus, Robert J. Baker, Josef E. Fischer ; in conjunction with Anne Greene, art editor and medical illustrator ; Steve Wiesner, editorial coordinator.</subfield>
  </datafield>
</record>