

<record xmlns="http://www.loc.gov/MARC21/slim"
xmlns:xsi="http://www.w3.org/2001/XMLSchema-instance"
xsi:schemaLocation="http://www.loc.gov/MARC21/slim
http://www.loc.gov/standards/marcxml/schema/MARC21slim.xsd">
  <leader>02897cas a2200661 a 4500</leader>
  <controlfield tag="001">020682100</controlfield>
  <datafield tag="245" ind1="1" ind2="0">
    <subfield code="a">AIDS patient care and STDs</subfield>
    <subfield code="h">[electronic resource].</subfield>
  </datafield>
  <datafield tag="500" ind1=" " ind2=" ">
    <subfield code="a">Description based on: Vol. 13, no. 8 (Aug. 1999); title from journal information screen (viewed Feb. 21, 2000).</subfield>
    <subfield code="5">FTS</subfield>
  </datafield>
  <datafield tag="500" ind1=" " ind2=" ">
    <subfield code="a">Latest issue consulted: Vol. 18, no. 8 (Aug. 2004) (Liebert Online Website, viewed Sept. 16, 2004).</subfield>
    <subfield code="5">FTS</subfield>
  </datafield>
  <datafield tag="500" ind1=" " ind2=" ">
    <subfield code="a">Title from publication overview screen (Liebert:, viewed on Dec. 7, 2009).</subfield>
    <subfield code="5">FOFT</subfield>
  </datafield>
  <datafield tag="500" ind1=" " ind2=" ">
    <subfield code="a">Title from Ovid&apos;s title page (viewed July 29, 2003).</subfield>
    <subfield code="5">FTaSU</subfield>
  </datafield>
</record>