

<record xmlns="http://www.loc.gov/MARC21/slim"
xmlns:xsi="http://www.w3.org/2001/XMLSchema-instance"
xsi:schemaLocation="http://www.loc.gov/MARC21/slim
http://www.loc.gov/standards/marcxml/schema/MARC21slim.xsd">
  <leader>02380cas a2200553 a 4500</leader>
  <controlfield tag="001">030921661</controlfield>
  <datafield tag="245" ind1="1" ind2="0">
    <subfield code="a">Blood pressure monitoring</subfield>
    <subfield code="h">[electronic resource].</subfield>
  </datafield>
</record>