

<record xmlns="http://www.loc.gov/MARC21/slim"
xmlns:xsi="http://www.w3.org/2001/XMLSchema-instance"
xsi:schemaLocation="http://www.loc.gov/MARC21/slim
http://www.loc.gov/standards/marcxml/schema/MARC21slim.xsd">
  <leader>     cas  2200469 a 4500</leader>
  <controlfield tag="001">020099383</controlfield>
  <datafield tag="245" ind1="1" ind2="0">
    <subfield code="a">Canadian journal of rural medicine</subfield>
    <subfield code="h">[electronic resource] =</subfield>
    <subfield code="b">Journal canadien de la médecine rurale.</subfield>
  </datafield>
  <datafield tag="500" ind1=" " ind2=" ">
    <subfield code="a">Description based on: Vol. 4, no. 4 (1999); title from title screen (viewed Oct. 2, 2003).</subfield>
    <subfield code="5">FOFT</subfield>
  </datafield>
  <datafield tag="500" ind1=" " ind2=" ">
    <subfield code="a">Latest issue consulted: Vol. 6, issue 1 (winter 2001).</subfield>
    <subfield code="5">FBoU</subfield>
  </datafield>
  <datafield tag="500" ind1=" " ind2=" ">
    <subfield code="a">Title from title screen (viewed July 26, 2000).</subfield>
    <subfield code="5">FBoU</subfield>
  </datafield>
</record>