

<record xmlns="http://www.loc.gov/MARC21/slim"
xmlns:xsi="http://www.w3.org/2001/XMLSchema-instance"
xsi:schemaLocation="http://www.loc.gov/MARC21/slim
http://www.loc.gov/standards/marcxml/schema/MARC21slim.xsd">
  <leader>01385cas  2200385Ia 4500</leader>
  <controlfield tag="001">020416183</controlfield>
  <datafield tag="245" ind1="0" ind2="0">
    <subfield code="a">Critical care clinics</subfield>
    <subfield code="h">[computer file].</subfield>
  </datafield>
  <datafield tag="500" ind1=" " ind2=" ">
    <subfield code="a">Description based on: Vol. 12, no. 1 (Jan. 1996); title from journal information screen as viewed Jan. 12, 1999.</subfield>
    <subfield code="5">FMFIU</subfield>
    <subfield code="5">FBoU</subfield>
  </datafield>
  <datafield tag="500" ind1=" " ind2=" ">
    <subfield code="a">Published: Philadelphia, PA : Elsevier Health Sciences Division, &lt;2005-&gt;</subfield>
    <subfield code="5">FMFIU</subfield>
    <subfield code="5">FTaSU</subfield>
    <subfield code="5">FBoU</subfield>
  </datafield>
  <datafield tag="500" ind1=" " ind2=" ">
    <subfield code="a">Latest issue consulted: Vol. 21, Issue 3 (July 2005) (Elsevier&apos;s TheClinics website, viewed Sept. 7, 2005).</subfield>
    <subfield code="5">FMFIU</subfield>
    <subfield code="5">FBoU</subfield>
  </datafield>
</record>