

<record xmlns="http://www.loc.gov/MARC21/slim"
xmlns:xsi="http://www.w3.org/2001/XMLSchema-instance"
xsi:schemaLocation="http://www.loc.gov/MARC21/slim
http://www.loc.gov/standards/marcxml/schema/MARC21slim.xsd">
  <leader>00000cam  2200373ua 4500</leader>
  <controlfield tag="001">020484523</controlfield>
  <datafield tag="245" ind1="1" ind2="0">
    <subfield code="a">Life before birth /</subfield>
    <subfield code="c">Marjorie A. England.</subfield>
  </datafield>
  <datafield tag="500" ind1=" " ind2=" ">
    <subfield code="a">Rev. ed. of: Color atlas of life before birth. c1983.</subfield>
    <subfield code="5">FTaSU</subfield>
    <subfield code="5">FU</subfield>
  </datafield>
</record>