

<record xmlns="http://www.loc.gov/MARC21/slim"
xmlns:xsi="http://www.w3.org/2001/XMLSchema-instance"
xsi:schemaLocation="http://www.loc.gov/MARC21/slim
http://www.loc.gov/standards/marcxml/schema/MARC21slim.xsd">
  <leader>02368cas  2200625 a 4500</leader>
  <controlfield tag="001">020636738</controlfield>
  <datafield tag="245" ind1="1" ind2="0">
    <subfield code="a">Heart</subfield>
    <subfield code="h">[electronic resource].</subfield>
  </datafield>
  <datafield tag="500" ind1=" " ind2=" ">
    <subfield code="a">Description based on: Vol. 78, no. 4 (Oct. 1997); title from html title tag (viewed Aug. 11, 1999).</subfield>
    <subfield code="5">FBoU</subfield>
  </datafield>
  <datafield tag="500" ind1=" " ind2=" ">
    <subfield code="a">Latest issue consulted: Vol. 95, issue 13 (July 1, 2009); viewed June 22, 2009.</subfield>
    <subfield code="5">FBoU</subfield>
  </datafield>
  <datafield tag="500" ind1=" " ind2=" ">
    <subfield code="a">Title from BMJ&apos;s title page (viewed December 2004).</subfield>
    <subfield code="5">FTaSU</subfield>
  </datafield>
</record>