

<record xmlns="http://www.loc.gov/MARC21/slim"
xmlns:xsi="http://www.w3.org/2001/XMLSchema-instance"
xsi:schemaLocation="http://www.loc.gov/MARC21/slim
http://www.loc.gov/standards/marcxml/schema/MARC21slim.xsd">
  <leader>     cas  2200421 a 4500</leader>
  <controlfield tag="001">020590395</controlfield>
  <datafield tag="245" ind1="1" ind2="0">
    <subfield code="a">Journal of pediatric and adolescent gynecology</subfield>
    <subfield code="h">[electronic resource].</subfield>
  </datafield>
  <datafield tag="500" ind1=" " ind2=" ">
    <subfield code="a">Description based on: Vol. 12, no. 1 (Feb. 1999); title from journal homepage screen (ScienceDirect, viewed Oct. 4, 2006).</subfield>
    <subfield code="5">FOFT</subfield>
  </datafield>
  <datafield tag="500" ind1=" " ind2=" ">
    <subfield code="a">Description based on: Vol. 12, issue 1 (Feb. 1999); title from table of contents (viewed Nov. 17, 2003).</subfield>
    <subfield code="5">FTS</subfield>
    <subfield code="5">FBoU</subfield>
  </datafield>
  <datafield tag="500" ind1=" " ind2=" ">
    <subfield code="a">Latest issue consulted: Vol. 16, issue 5 (Oct. 2003), viewed Nov. 17, 2003.</subfield>
    <subfield code="5">FTS</subfield>
    <subfield code="5">FBoU</subfield>
  </datafield>
</record>