

<record xmlns="http://www.loc.gov/MARC21/slim"
xmlns:xsi="http://www.w3.org/2001/XMLSchema-instance"
xsi:schemaLocation="http://www.loc.gov/MARC21/slim
http://www.loc.gov/standards/marcxml/schema/MARC21slim.xsd">
  <leader>     pam  2200337 a 4500</leader>
  <controlfield tag="001">022964862</controlfield>
  <datafield tag="245" ind1="1" ind2="2">
    <subfield code="a">A concise introduction to medical terminology.</subfield>
  </datafield>
  <datafield tag="500" ind1=" " ind2=" ">
    <subfield code="a">Rev. ed. of: Brady&apos;s introduction to medical terminology. c1990.</subfield>
    <subfield code="5">FBoU</subfield>
    <subfield code="5">FU</subfield>
    <subfield code="5">FTaFA</subfield>
    <subfield code="5">FTaSU</subfield>
  </datafield>
</record>