

<record xmlns="http://www.loc.gov/MARC21/slim"
xmlns:xsi="http://www.w3.org/2001/XMLSchema-instance"
xsi:schemaLocation="http://www.loc.gov/MARC21/slim
http://www.loc.gov/standards/marcxml/schema/MARC21slim.xsd">
  <leader>     cam  2200385 a 4500</leader>
  <controlfield tag="001">022977868</controlfield>
  <datafield tag="245" ind1="1" ind2="0">
    <subfield code="a">Spanish-English, English-Spanish medical dictionary =</subfield>
    <subfield code="b">Diccionario médico, español-inglés, inglés-español /</subfield>
    <subfield code="c">Onyria Herrera McElroy, Lola L. Grabb ; foreword by Vincent A. Fulginiti ; introduccion por Beatriz Varela.</subfield>
  </datafield>
</record>