

<record xmlns="http://www.loc.gov/MARC21/slim"
xmlns:xsi="http://www.w3.org/2001/XMLSchema-instance"
xsi:schemaLocation="http://www.loc.gov/MARC21/slim
http://www.loc.gov/standards/marcxml/schema/MARC21slim.xsd">
  <leader>01697cas  2200469 a 4500</leader>
  <controlfield tag="001">020724315</controlfield>
  <datafield tag="245" ind1="1" ind2="0">
    <subfield code="a">Molecular psychiatry</subfield>
    <subfield code="h">[electronic resource].</subfield>
  </datafield>
  <datafield tag="500" ind1=" " ind2=" ">
    <subfield code="a">Published by Nature Publishing Group, 2001-</subfield>
    <subfield code="5">FTaSU</subfield>
    <subfield code="5">FBoU</subfield>
  </datafield>
  <datafield tag="500" ind1=" " ind2=" ">
    <subfield code="a">Description based on journal information screen (viewed Jan. 16, 2007).</subfield>
    <subfield code="5">FTaSU</subfield>
  </datafield>
  <datafield tag="500" ind1=" " ind2=" ">
    <subfield code="a">Description based on: Vol. 2, no. 1 (1997); title from journal information screen (viewed Sept. 23, 1998).</subfield>
    <subfield code="5">FTS</subfield>
    <subfield code="5">FBoU</subfield>
  </datafield>
</record>