

<record xmlns="http://www.loc.gov/MARC21/slim"
xmlns:xsi="http://www.w3.org/2001/XMLSchema-instance"
xsi:schemaLocation="http://www.loc.gov/MARC21/slim
http://www.loc.gov/standards/marcxml/schema/MARC21slim.xsd">
  <leader>02139cas a2200505 a 4500</leader>
  <controlfield tag="001">022155984</controlfield>
  <datafield tag="245" ind1="1" ind2="0">
    <subfield code="a">Nursing case management</subfield>
    <subfield code="h">[electronic resource].</subfield>
  </datafield>
  <datafield tag="500" ind1=" " ind2=" ">
    <subfield code="a">Publisher varies: Lippincott-Raven, 1996-July/Aug. 1998; Lippincott Williams &amp; Wilkins, Sept./Oct. 1998-2000.</subfield>
  </datafield>
  <datafield tag="500" ind1=" " ind2=" ">
    <subfield code="a">Title from contents (viewed Apr. 16, 2003).</subfield>
  </datafield>
  <datafield tag="500" ind1=" " ind2=" ">
    <subfield code="a">Publisher varies: Lippincott-Raven, 1996-July/Aug. 1998; Lippincott Williams &amp; Wilkins, Sept./Oct. 1998-2000.</subfield>
    <subfield code="5">FTaSU</subfield>
    <subfield code="5">FOFT</subfield>
    <subfield code="5">FTS</subfield>
    <subfield code="5">FU</subfield>
  </datafield>
  <datafield tag="500" ind1=" " ind2=" ">
    <subfield code="a">Publisher varies: Lippincott-Raven, 1996-July/Aug. 1998; Lippincott Williams &amp; Wilkins, Sept./Oct. 1998-2000.</subfield>
    <subfield code="5">FTaSU</subfield>
    <subfield code="5">FOFT</subfield>
    <subfield code="5">FTS</subfield>
    <subfield code="5">FU</subfield>
  </datafield>
  <datafield tag="500" ind1=" " ind2=" ">
    <subfield code="a">Publisher varies: Lippincott-Raven, 1996-July/Aug. 1998; Lippincott Williams &amp; Wilkins, Sept./Oct. 1998-2000.</subfield>
    <subfield code="5">FTaSU</subfield>
    <subfield code="5">FOFT</subfield>
    <subfield code="5">FTS</subfield>
    <subfield code="5">FU</subfield>
  </datafield>
  <datafield tag="500" ind1=" " ind2=" ">
    <subfield code="a">Publisher varies: Lippincott-Raven, 1996-July/Aug. 1998; Lippincott Williams &amp; Wilkins, Sept./Oct. 1998-2000.</subfield>
    <subfield code="5">FTaSU</subfield>
    <subfield code="5">FOFT</subfield>
    <subfield code="5">FTS</subfield>
    <subfield code="5">FU</subfield>
  </datafield>
  <datafield tag="500" ind1=" " ind2=" ">
    <subfield code="a">Title from web page caption (Ovid, viewed on Jan. 9, 2008).</subfield>
    <subfield code="5">FOFT</subfield>
  </datafield>
  <datafield tag="500" ind1=" " ind2=" ">
    <subfield code="a">Title from contents (viewed Apr. 16, 2003).</subfield>
    <subfield code="5">FTS</subfield>
    <subfield code="5">FU</subfield>
  </datafield>
  <datafield tag="500" ind1=" " ind2=" ">
    <subfield code="a">Title from contents (viewed Apr. 16, 2003).</subfield>
    <subfield code="5">FTS</subfield>
    <subfield code="5">FU</subfield>
  </datafield>
  <datafield tag="500" ind1=" " ind2=" ">
    <subfield code="a">Title from Ovid&apos;s title page (viewed Apr. 16, 2003).</subfield>
    <subfield code="5">FTaSU</subfield>
  </datafield>
</record>