

<record xmlns="http://www.loc.gov/MARC21/slim"
xmlns:xsi="http://www.w3.org/2001/XMLSchema-instance"
xsi:schemaLocation="http://www.loc.gov/MARC21/slim
http://www.loc.gov/standards/marcxml/schema/MARC21slim.xsd">
  <leader>     cas  22005534a 4500</leader>
  <controlfield tag="001">023013677</controlfield>
  <datafield tag="245" ind1="1" ind2="0">
    <subfield code="a">Spinal cord</subfield>
    <subfield code="h">[electronic resource].</subfield>
  </datafield>
  <datafield tag="500" ind1=" " ind2=" ">
    <subfield code="a">Description based on: Vol. 35, no. 1 (1997); title from journal information screen (viewed Sept. 23, 1998).</subfield>
    <subfield code="5">FU</subfield>
  </datafield>
  <datafield tag="500" ind1=" " ind2=" ">
    <subfield code="a">Title from journal information screen (viewed April 16, 2007).</subfield>
    <subfield code="5">FTaSU</subfield>
  </datafield>
</record>