

<record xmlns="http://www.loc.gov/MARC21/slim"
xmlns:xsi="http://www.w3.org/2001/XMLSchema-instance"
xsi:schemaLocation="http://www.loc.gov/MARC21/slim
http://www.loc.gov/standards/marcxml/schema/MARC21slim.xsd">
  <leader>02500cas a2200637 a 4500</leader>
  <controlfield tag="001">021418775</controlfield>
  <datafield tag="245" ind1="1" ind2="0">
    <subfield code="a">AACN clinical issues</subfield>
    <subfield code="h">[electronic resource].</subfield>
  </datafield>
  <datafield tag="500" ind1=" " ind2=" ">
    <subfield code="a">Title from HTML header (viewed Lippincott Williams &amp; Wilkins website Jan. 26, 2006.)</subfield>
  </datafield>
  <datafield tag="500" ind1=" " ind2=" ">
    <subfield code="a">Issues have distinctive titles.</subfield>
  </datafield>
  <datafield tag="500" ind1=" " ind2=" ">
    <subfield code="a">Title from title screen (Ovid&apos;s site viewed Jan. 21, 2004).</subfield>
  </datafield>
  <datafield tag="500" ind1=" " ind2=" ">
    <subfield code="a">Title from journal homepage screen (Ovid, viewed on June 7, 2011).</subfield>
    <subfield code="5">FOFT</subfield>
  </datafield>
  <datafield tag="500" ind1=" " ind2=" ">
    <subfield code="a">Full text coverage as of v.7(1) (Feb. 1996)-17(1) (Jan/Mar 2006).</subfield>
  </datafield>
  <datafield tag="500" ind1=" " ind2=" ">
    <subfield code="a">Issues have distinctive titles.</subfield>
    <subfield code="5">FBoU</subfield>
    <subfield code="5">FOFT</subfield>
    <subfield code="5">FTS</subfield>
    <subfield code="5">FU</subfield>
  </datafield>
  <datafield tag="500" ind1=" " ind2=" ">
    <subfield code="a">Issues have distinctive titles.</subfield>
    <subfield code="5">FBoU</subfield>
    <subfield code="5">FOFT</subfield>
    <subfield code="5">FTS</subfield>
    <subfield code="5">FU</subfield>
  </datafield>
  <datafield tag="500" ind1=" " ind2=" ">
    <subfield code="a">Issues have distinctive titles.</subfield>
    <subfield code="5">FBoU</subfield>
    <subfield code="5">FOFT</subfield>
    <subfield code="5">FTS</subfield>
    <subfield code="5">FU</subfield>
  </datafield>
  <datafield tag="500" ind1=" " ind2=" ">
    <subfield code="a">Issues have distinctive titles.</subfield>
    <subfield code="5">FBoU</subfield>
    <subfield code="5">FOFT</subfield>
    <subfield code="5">FTS</subfield>
    <subfield code="5">FU</subfield>
  </datafield>
</record>