

<record xmlns="http://www.loc.gov/MARC21/slim"
xmlns:xsi="http://www.w3.org/2001/XMLSchema-instance"
xsi:schemaLocation="http://www.loc.gov/MARC21/slim
http://www.loc.gov/standards/marcxml/schema/MARC21slim.xsd">
  <leader>     cas  22006014a 4500</leader>
  <controlfield tag="001">020099974</controlfield>
  <datafield tag="245" ind1="1" ind2="0">
    <subfield code="a">Canadian journal of surgery</subfield>
    <subfield code="h">[electronic resource] =</subfield>
    <subfield code="b">Journal canadien de chirurgie.</subfield>
  </datafield>
  <datafield tag="500" ind1=" " ind2=" ">
    <subfield code="a">Description based on: Vol. 42, no. 1 (Feb. 1999); title from title screen (viewed Oct. 2, 2003).</subfield>
    <subfield code="5">FOFT</subfield>
  </datafield>
  <datafield tag="500" ind1=" " ind2=" ">
    <subfield code="a">Title from journal&apos;s title page (viewed Feb. 17, 2006).</subfield>
    <subfield code="5">FTaSU</subfield>
  </datafield>
  <datafield tag="500" ind1=" " ind2=" ">
    <subfield code="a">Title from title screen (viewed on Feb. 19, 2004).</subfield>
    <subfield code="5">FBoU</subfield>
  </datafield>
</record>