

<record xmlns="http://www.loc.gov/MARC21/slim"
xmlns:xsi="http://www.w3.org/2001/XMLSchema-instance"
xsi:schemaLocation="http://www.loc.gov/MARC21/slim
http://www.loc.gov/standards/marcxml/schema/MARC21slim.xsd">
  <leader>     cas  22006254a 4500</leader>
  <controlfield tag="001">026198886</controlfield>
  <datafield tag="245" ind1="1" ind2="0">
    <subfield code="a">Injury prevention</subfield>
    <subfield code="h">[electronic resource] :</subfield>
    <subfield code="b">journal of the International Society for Child and Adolescent Injury Prevention.</subfield>
  </datafield>
  <datafield tag="500" ind1=" " ind2=" ">
    <subfield code="a">Title from the screen (viewed Dec. 16, 2004).</subfield>
    <subfield code="5">FTaSU</subfield>
  </datafield>
</record>