

<record xmlns="http://www.loc.gov/MARC21/slim"
xmlns:xsi="http://www.w3.org/2001/XMLSchema-instance"
xsi:schemaLocation="http://www.loc.gov/MARC21/slim
http://www.loc.gov/standards/marcxml/schema/MARC21slim.xsd">
  <leader>02138cas  22005297a 4500</leader>
  <controlfield tag="001">020787131</controlfield>
  <datafield tag="245" ind1="1" ind2="0">
    <subfield code="a">Journal of alternative and complementary medicine</subfield>
    <subfield code="h">[electronic resource].</subfield>
  </datafield>
  <datafield tag="500" ind1=" " ind2=" ">
    <subfield code="a">Description based on: Vol. 6, no. 4 (2000); title from journal information screen (viewed Jan. 8, 2001).</subfield>
    <subfield code="5">FOFT</subfield>
    <subfield code="5">FBoU</subfield>
  </datafield>
  <datafield tag="500" ind1=" " ind2=" ">
    <subfield code="a">Latest issue consulted: Vol. 11, no. 4 (Aug. 2005) (viewed Mary Ann Liebert website Sept. 6, 2005).</subfield>
    <subfield code="5">FOFT</subfield>
    <subfield code="5">FBoU</subfield>
  </datafield>
</record>