

<record xmlns="http://www.loc.gov/MARC21/slim"
xmlns:xsi="http://www.w3.org/2001/XMLSchema-instance"
xsi:schemaLocation="http://www.loc.gov/MARC21/slim
http://www.loc.gov/standards/marcxml/schema/MARC21slim.xsd">
  <leader>     nas  2200361Ma 4500</leader>
  <controlfield tag="001">020583441</controlfield>
  <datafield tag="245" ind1="0" ind2="0">
    <subfield code="a">Journal of experimental psychology.</subfield>
    <subfield code="p">Applied</subfield>
    <subfield code="h">[electronic resource].</subfield>
  </datafield>
  <datafield tag="500" ind1=" " ind2=" ">
    <subfield code="a">Title from journal search screen (viewed Nov. 28, 2001).</subfield>
    <subfield code="5">FPeU</subfield>
    <subfield code="5">FBoU</subfield>
    <subfield code="5">FU</subfield>
  </datafield>
  <datafield tag="500" ind1=" " ind2=" ">
    <subfield code="a">Title from the screen (viewed Oct.7,2003).</subfield>
    <subfield code="5">FTaSU</subfield>
  </datafield>
  <datafield tag="500" ind1=" " ind2=" ">
    <subfield code="a">Full text coverage :v.1(1)(Mar. 1995)-</subfield>
    <subfield code="5">FTaSU</subfield>
  </datafield>
</record>