

<record xmlns="http://www.loc.gov/MARC21/slim"
xmlns:xsi="http://www.w3.org/2001/XMLSchema-instance"
xsi:schemaLocation="http://www.loc.gov/MARC21/slim
http://www.loc.gov/standards/marcxml/schema/MARC21slim.xsd">
  <leader>     cas  2200637 a 4500</leader>
  <controlfield tag="001">023042682</controlfield>
  <datafield tag="245" ind1="1" ind2="0">
    <subfield code="a">Medical care research and review</subfield>
    <subfield code="h">[electronic resource] :</subfield>
    <subfield code="b">MCRR.</subfield>
  </datafield>
  <datafield tag="500" ind1=" " ind2=" ">
    <subfield code="a">Description based on: Vol. 56, no. 1 (Mar. 1999); title from journal information screen (viewed Mar. 28, 2000).</subfield>
    <subfield code="5">FU</subfield>
    <subfield code="5">FBoU</subfield>
  </datafield>
  <datafield tag="500" ind1=" " ind2=" ">
    <subfield code="a">Latest issue consulted: Vol. 61, no. 3 (Sept. 2004) (publisher&apos;s Web site, viewed Sept. 21, 2004).</subfield>
    <subfield code="5">FU</subfield>
    <subfield code="5">FBoU</subfield>
  </datafield>
  <datafield tag="500" ind1=" " ind2=" ">
    <subfield code="a">Latest issue consulted: Vol. 64, no. 5 (Oct. 2007) (viewed Sept. 25, 2007).</subfield>
    <subfield code="5">FTaSU</subfield>
  </datafield>
  <datafield tag="500" ind1=" " ind2=" ">
    <subfield code="a">Title from journal home page (Sage Web site, viewed Sept. 25, 2007).</subfield>
    <subfield code="5">FTaSU</subfield>
  </datafield>
  <datafield tag="500" ind1=" " ind2=" ">
    <subfield code="a">Title from journal archive screen (Sage FTC, viewed on Oct. 22, 2008).</subfield>
    <subfield code="5">FOFT</subfield>
  </datafield>
</record>