

<record xmlns="http://www.loc.gov/MARC21/slim"
xmlns:xsi="http://www.w3.org/2001/XMLSchema-instance"
xsi:schemaLocation="http://www.loc.gov/MARC21/slim
http://www.loc.gov/standards/marcxml/schema/MARC21slim.xsd">
  <leader>00000cam  2200325ua 4500</leader>
  <controlfield tag="001">021048323</controlfield>
  <datafield tag="245" ind1="1" ind2="0">
    <subfield code="a">Maintaining function in older adults /</subfield>
    <subfield code="c">Linda A. Newman.</subfield>
  </datafield>
</record>