

<record xmlns="http://www.loc.gov/MARC21/slim"
xmlns:xsi="http://www.w3.org/2001/XMLSchema-instance"
xsi:schemaLocation="http://www.loc.gov/MARC21/slim
http://www.loc.gov/standards/marcxml/schema/MARC21slim.xsd">
  <leader>03796cas a2200745 a 4500</leader>
  <controlfield tag="001">020712094</controlfield>
  <datafield tag="245" ind1="1" ind2="0">
    <subfield code="a">Oral surgery, oral medicine, oral pathology, oral radiology and endodontics</subfield>
    <subfield code="h">[electronic resource].</subfield>
  </datafield>
  <datafield tag="500" ind1=" " ind2=" ">
    <subfield code="a">Title from journal homepage screen (ScienceDirect, viewed on Dec. 8, 2006).</subfield>
  </datafield>
</record>