

<record xmlns="http://www.loc.gov/MARC21/slim"
xmlns:xsi="http://www.w3.org/2001/XMLSchema-instance"
xsi:schemaLocation="http://www.loc.gov/MARC21/slim
http://www.loc.gov/standards/marcxml/schema/MARC21slim.xsd">
  <leader>00000nam  2200349u  4500</leader>
  <controlfield tag="001">022695943</controlfield>
  <datafield tag="245" ind1="1" ind2="0">
    <subfield code="a">Clinical laboratory medicine :</subfield>
    <subfield code="b">clinical application of laboratory data /</subfield>
    <subfield code="c">Richard Ravel.</subfield>
  </datafield>
  <datafield tag="500" ind1=" " ind2=" ">
    <subfield code="a">No longer available 5/3/2006.</subfield>
    <subfield code="5">FTaSU</subfield>
  </datafield>
  <datafield tag="500" ind1=" " ind2=" ">
    <subfield code="a">Title from the screen (viewed May 28, 2003).</subfield>
    <subfield code="5">FTaSU</subfield>
  </datafield>
</record>