

<record xmlns="http://www.loc.gov/MARC21/slim"
xmlns:xsi="http://www.w3.org/2001/XMLSchema-instance"
xsi:schemaLocation="http://www.loc.gov/MARC21/slim
http://www.loc.gov/standards/marcxml/schema/MARC21slim.xsd">
  <leader>00000cam  2200325ua 4500</leader>
  <controlfield tag="001">020365299</controlfield>
  <datafield tag="245" ind1="0" ind2="0">
    <subfield code="a">Primary care of women /</subfield>
    <subfield code="c">editors, Karen J. Carlson, Stephanie A. Eisenstat ; associate editors, Isaac Schiff, Fredric D. Frigoletto, Jr.</subfield>
  </datafield>
</record>