

<record xmlns="http://www.loc.gov/MARC21/slim"
xmlns:xsi="http://www.w3.org/2001/XMLSchema-instance"
xsi:schemaLocation="http://www.loc.gov/MARC21/slim
http://www.loc.gov/standards/marcxml/schema/MARC21slim.xsd">
  <leader>01844cas  22004098a 4500</leader>
  <controlfield tag="001">020147662</controlfield>
  <datafield tag="245" ind1="0" ind2="0">
    <subfield code="a">Journal of occupational and environmental medicine :</subfield>
    <subfield code="b">official publication of the American College of Occupational and Environmental Medicine.</subfield>
  </datafield>
  <datafield tag="500" ind1=" " ind2=" ">
    <subfield code="a">Title from cover.</subfield>
    <subfield code="5">FMFIU</subfield>
    <subfield code="5">FU</subfield>
  </datafield>
  <datafield tag="590" ind1=" " ind2=" ">
    <subfield code="a">Environmental Health; Industrial Medicine; Public Health; Rehabilitation</subfield>
    <subfield code="5">FTS</subfield>
  </datafield>
</record>