

<record xmlns="http://www.loc.gov/MARC21/slim"
xmlns:xsi="http://www.w3.org/2001/XMLSchema-instance"
xsi:schemaLocation="http://www.loc.gov/MARC21/slim
http://www.loc.gov/standards/marcxml/schema/MARC21slim.xsd">
  <leader>     cas  2200661 a 4500</leader>
  <controlfield tag="001">020023073</controlfield>
  <datafield tag="245" ind1="0" ind2="0">
    <subfield code="a">Journal of acquired immune deficiency syndromes and human retrovirology :</subfield>
    <subfield code="b">official publication of the International Retrovirology Association.</subfield>
  </datafield>
  <datafield tag="500" ind1=" " ind2=" ">
    <subfield code="a">Title from cover.</subfield>
    <subfield code="5">FMFIU</subfield>
    <subfield code="5">FTaSU</subfield>
    <subfield code="5">FU</subfield>
  </datafield>
  <datafield tag="500" ind1=" " ind2=" ">
    <subfield code="a">Published: Hagerstown, MD : Lippincott-Raven Pub., Aug. 1995- ; Lippincott Williams &amp; Wilkins, -Apr. 15, 1999.</subfield>
    <subfield code="5">FMFIU</subfield>
    <subfield code="5">FTaSU</subfield>
    <subfield code="5">FU</subfield>
  </datafield>
  <datafield tag="590" ind1=" " ind2=" ">
    <subfield code="a">AIDS; Immunology</subfield>
    <subfield code="5">FTS</subfield>
  </datafield>
</record>