

<record xmlns="http://www.loc.gov/MARC21/slim"
xmlns:xsi="http://www.w3.org/2001/XMLSchema-instance"
xsi:schemaLocation="http://www.loc.gov/MARC21/slim
http://www.loc.gov/standards/marcxml/schema/MARC21slim.xsd">
  <leader>02131cas a2200577 a 4500</leader>
  <controlfield tag="001">020962911</controlfield>
  <datafield tag="245" ind1="1" ind2="0">
    <subfield code="a">Academic emergency medicine</subfield>
    <subfield code="h">[electronic resource].</subfield>
  </datafield>
  <datafield tag="500" ind1=" " ind2=" ">
    <subfield code="a">Latest issue consulted: Vol. 7, no. 11 (Nov. 2000).</subfield>
    <subfield code="5">FU</subfield>
  </datafield>
  <datafield tag="500" ind1=" " ind2=" ">
    <subfield code="a">Description based on: Vol. 6, no. 1 (Jan. 1999); title from title screen (viewed Nov. 1, 2000).</subfield>
    <subfield code="5">FU</subfield>
  </datafield>
  <datafield tag="500" ind1=" " ind2=" ">
    <subfield code="a">Description based on: Vol. 6, no. 1 (Jan. 1999); title from title screen (Blackwell-Synergy, viewed Apr. 22, 2008).</subfield>
    <subfield code="5">FTS</subfield>
    <subfield code="5">FPeU</subfield>
    <subfield code="5">FOFT</subfield>
  </datafield>
  <datafield tag="500" ind1=" " ind2=" ">
    <subfield code="a">Latest issue consulted: Vol. 15, no. 4 (April 2008) (Blackwell-Synergy, viewed Apr. 22, 2008).</subfield>
    <subfield code="5">FTS</subfield>
    <subfield code="5">FOFT</subfield>
  </datafield>
</record>