

<record xmlns="http://www.loc.gov/MARC21/slim"
xmlns:xsi="http://www.w3.org/2001/XMLSchema-instance"
xsi:schemaLocation="http://www.loc.gov/MARC21/slim
http://www.loc.gov/standards/marcxml/schema/MARC21slim.xsd">
  <leader>     cas  2200421Ia 4500</leader>
  <controlfield tag="001">021199245</controlfield>
  <datafield tag="245" ind1="1" ind2="0">
    <subfield code="a">Academic radiology</subfield>
    <subfield code="h">[electronic resource].</subfield>
  </datafield>
  <datafield tag="500" ind1=" " ind2=" ">
    <subfield code="a">Title and description from journal homepage (viewed Oct. 11, 2007).</subfield>
  </datafield>
  <datafield tag="500" ind1=" " ind2=" ">
    <subfield code="a">Title from the screen (viewed Nov. 10, 2003).</subfield>
  </datafield>
  <datafield tag="500" ind1=" " ind2=" ">
    <subfield code="a">Published: [Orlando, Fla.?] : Elsevier, &lt;Mar. 2004-&gt;</subfield>
  </datafield>
  <datafield tag="500" ind1=" " ind2=" ">
    <subfield code="a">Description based on: Vol. 8, no. 1 (Jan. 2001); title from journal home page (viewed Mar. 25, 2002).</subfield>
    <subfield code="5">FBoU</subfield>
  </datafield>
  <datafield tag="500" ind1=" " ind2=" ">
    <subfield code="a">Description based on Vol. 8, no.1 (Jan. 2001); title from title screen (viewed May 23, 2003).</subfield>
    <subfield code="5">FOFT</subfield>
  </datafield>
</record>