

<record xmlns="http://www.loc.gov/MARC21/slim"
xmlns:xsi="http://www.w3.org/2001/XMLSchema-instance"
xsi:schemaLocation="http://www.loc.gov/MARC21/slim
http://www.loc.gov/standards/marcxml/schema/MARC21slim.xsd">
  <leader>02018cas a22004697a 4500</leader>
  <controlfield tag="001">031349457</controlfield>
  <datafield tag="245" ind1="1" ind2="0">
    <subfield code="a">Advances in anatomic pathology</subfield>
    <subfield code="h">[electronic resource] .</subfield>
  </datafield>
</record>