

<record xmlns="http://www.loc.gov/MARC21/slim"
xmlns:xsi="http://www.w3.org/2001/XMLSchema-instance"
xsi:schemaLocation="http://www.loc.gov/MARC21/slim
http://www.loc.gov/standards/marcxml/schema/MARC21slim.xsd">
  <leader>02790cas a2200709 a 4500</leader>
  <controlfield tag="001">021207522</controlfield>
  <datafield tag="245" ind1="1" ind2="0">
    <subfield code="a">American journal of respiratory and critical care medicine</subfield>
    <subfield code="h">[electronic resource].</subfield>
  </datafield>
  <datafield tag="500" ind1=" " ind2=" ">
    <subfield code="a">&quot;Official journal of the American Thoracic Society, the medical section of the American Lung Association.&quot;</subfield>
  </datafield>
  <datafield tag="500" ind1=" " ind2=" ">
    <subfield code="a">Description based on home page, viewed Sept. 3, 1999.</subfield>
    <subfield code="5">FBoU</subfield>
    <subfield code="5">FTS</subfield>
    <subfield code="5">FU</subfield>
  </datafield>
  <datafield tag="500" ind1=" " ind2=" ">
    <subfield code="a">Description based on home page, viewed Sept. 3, 1999.</subfield>
    <subfield code="5">FBoU</subfield>
    <subfield code="5">FTS</subfield>
    <subfield code="5">FU</subfield>
  </datafield>
  <datafield tag="500" ind1=" " ind2=" ">
    <subfield code="a">Abstracts only for v. 149-155 (1994-June 1997); full-text begins with v. 156 (July 1997).</subfield>
    <subfield code="5">FBoU</subfield>
    <subfield code="5">FTS</subfield>
    <subfield code="5">FU</subfield>
  </datafield>
  <datafield tag="500" ind1=" " ind2=" ">
    <subfield code="a">Abstracts only for v. 149-155 (1994-June 1997); full-text begins with v. 156 (July 1997).</subfield>
    <subfield code="5">FBoU</subfield>
    <subfield code="5">FTS</subfield>
    <subfield code="5">FU</subfield>
  </datafield>
  <datafield tag="500" ind1=" " ind2=" ">
    <subfield code="a">&quot;Official journal of the American Thoracic Society, the medical section of the American Lung Association.&quot;</subfield>
    <subfield code="5">FBoU</subfield>
    <subfield code="5">FTS</subfield>
    <subfield code="5">FOFT</subfield>
    <subfield code="5">FU</subfield>
  </datafield>
  <datafield tag="500" ind1=" " ind2=" ">
    <subfield code="a">&quot;Official journal of the American Thoracic Society, the medical section of the American Lung Association.&quot;</subfield>
    <subfield code="5">FBoU</subfield>
    <subfield code="5">FTS</subfield>
    <subfield code="5">FOFT</subfield>
    <subfield code="5">FU</subfield>
  </datafield>
  <datafield tag="500" ind1=" " ind2=" ">
    <subfield code="a">&quot;Official journal of the American Thoracic Society, the medical section of the American Lung Association.&quot;</subfield>
    <subfield code="5">FBoU</subfield>
    <subfield code="5">FTS</subfield>
    <subfield code="5">FOFT</subfield>
    <subfield code="5">FU</subfield>
  </datafield>
  <datafield tag="500" ind1=" " ind2=" ">
    <subfield code="a">Full text coverage:v.156(1) (July 1997)-</subfield>
  </datafield>
  <datafield tag="500" ind1=" " ind2=" ">
    <subfield code="a">Latest issue consulted: Vol. 33 issue 4 (Mar. 2001) (surrogate).</subfield>
    <subfield code="5">FBoU</subfield>
    <subfield code="5">FU</subfield>
  </datafield>
  <datafield tag="500" ind1=" " ind2=" ">
    <subfield code="a">Description based on: Vol. 156, no. 1 (July 1997); title from journal homepage (Highwire Press, viewed Aug. 7, 2009).</subfield>
    <subfield code="5">FOFT</subfield>
  </datafield>
</record>