

<record xmlns="http://www.loc.gov/MARC21/slim"
xmlns:xsi="http://www.w3.org/2001/XMLSchema-instance"
xsi:schemaLocation="http://www.loc.gov/MARC21/slim
http://www.loc.gov/standards/marcxml/schema/MARC21slim.xsd">
  <leader>02233cas a22005177a 4500</leader>
  <controlfield tag="001">029725341</controlfield>
  <datafield tag="245" ind1="1" ind2="0">
    <subfield code="a">American journal of therapeutics</subfield>
    <subfield code="h">[electronic resource].</subfield>
  </datafield>
  <datafield tag="500" ind1=" " ind2=" ">
    <subfield code="a">Description based on: Vol. 8, issue 1 (July/Aug. 2001); title from journal home page (viewed Jan. 10, 2003).</subfield>
    <subfield code="5">FBoU</subfield>
    <subfield code="5">FTS</subfield>
  </datafield>
</record>