

<record xmlns="http://www.loc.gov/MARC21/slim"
xmlns:xsi="http://www.w3.org/2001/XMLSchema-instance"
xsi:schemaLocation="http://www.loc.gov/MARC21/slim
http://www.loc.gov/standards/marcxml/schema/MARC21slim.xsd">
  <leader>00000nas  2200433u  4500</leader>
  <controlfield tag="001">021427991</controlfield>
  <datafield tag="245" ind1="0" ind2="0">
    <subfield code="a">Annals of surgical oncology</subfield>
    <subfield code="h">[electronic resource].</subfield>
  </datafield>
  <datafield tag="500" ind1=" " ind2=" ">
    <subfield code="a">Place of publication varies.</subfield>
    <subfield code="5">FTaSU</subfield>
  </datafield>
  <datafield tag="500" ind1=" " ind2=" ">
    <subfield code="a">Currently published by Lippincott Williams &amp; Wilkins, Hagerstown, MD.</subfield>
    <subfield code="5">FTaSU</subfield>
  </datafield>
  <datafield tag="500" ind1=" " ind2=" ">
    <subfield code="a">Title from the screen (viewed Jan. 23, 2004).</subfield>
    <subfield code="5">FTaSU</subfield>
  </datafield>
  <datafield tag="500" ind1=" " ind2=" ">
    <subfield code="a">Ovid&apos;s full text coverage as of v.7(1) (Jan./Feb. 2000)-v.11 (1) (Jan. 2004)</subfield>
    <subfield code="5">FTaSU</subfield>
  </datafield>
  <datafield tag="500" ind1=" " ind2=" ">
    <subfield code="a">Springer&apos;s full text coverage as of v.6(1) (Jan./Feb. 1999)-</subfield>
    <subfield code="5">FTaSU</subfield>
  </datafield>
</record>