

<record xmlns="http://www.loc.gov/MARC21/slim"
xmlns:xsi="http://www.w3.org/2001/XMLSchema-instance"
xsi:schemaLocation="http://www.loc.gov/MARC21/slim
http://www.loc.gov/standards/marcxml/schema/MARC21slim.xsd">
  <leader>02256cas  2200565 a 4500</leader>
  <controlfield tag="001">021171471</controlfield>
  <datafield tag="245" ind1="1" ind2="0">
    <subfield code="a">Clinical and diagnostic laboratory immunology</subfield>
    <subfield code="h">[electronic resource] :</subfield>
    <subfield code="b">CDLI.</subfield>
  </datafield>
  <datafield tag="500" ind1=" " ind2=" ">
    <subfield code="a">Description based on: Vol. 2, issue 1 (Jan. 1995); title from issue contents screen (American Society for Microbiology website, viewed Apr. 1, 2004).</subfield>
    <subfield code="5">FOFT</subfield>
  </datafield>
  <datafield tag="500" ind1=" " ind2=" ">
    <subfield code="a">Latest issue consulted: Vol. 8, no. 6 (Nov. 2001).</subfield>
    <subfield code="5">FMFIU</subfield>
  </datafield>
  <datafield tag="500" ind1=" " ind2=" ">
    <subfield code="a">Description based on: Vol. 2, issue 1 (Jan. 1995); title from contents screen (publisher&apos;s Website viewed Oct. 16, 2003).</subfield>
    <subfield code="5">FTS</subfield>
  </datafield>
  <datafield tag="500" ind1=" " ind2=" ">
    <subfield code="a">Latest issue consulted: Vol. 10, issue 5 (Sept. 2003), viewed 0ct. 16, 2003.</subfield>
    <subfield code="5">FTS</subfield>
  </datafield>
  <datafield tag="500" ind1=" " ind2=" ">
    <subfield code="a">Description based on: Vol. 2, issue 1 (Jan. 1995); title from issue contents screen (American Society for Microbiology website, viewed Jan. 7, 2004).</subfield>
    <subfield code="5">FU</subfield>
    <subfield code="5">FBoU</subfield>
  </datafield>
  <datafield tag="500" ind1=" " ind2=" ">
    <subfield code="a">Latest issue consulted: Vol. 10, issue 6 (Nov. 2003).</subfield>
    <subfield code="5">FU</subfield>
  </datafield>
  <datafield tag="500" ind1=" " ind2=" ">
    <subfield code="a">Description based on: Vol. 2, issue 1 (Jan. 1995); title from caption (viewed Feb. 24, 2003).</subfield>
    <subfield code="5">FMFIU</subfield>
  </datafield>
  <datafield tag="500" ind1=" " ind2=" ">
    <subfield code="a">Title from homepage (viewed Oct. 27, 2003).</subfield>
    <subfield code="5">FTaSU</subfield>
  </datafield>
</record>