

<record xmlns="http://www.loc.gov/MARC21/slim"
xmlns:xsi="http://www.w3.org/2001/XMLSchema-instance"
xsi:schemaLocation="http://www.loc.gov/MARC21/slim
http://www.loc.gov/standards/marcxml/schema/MARC21slim.xsd">
  <leader>00000nas  2200325u  4500</leader>
  <controlfield tag="001">022612659</controlfield>
  <datafield tag="245" ind1="0" ind2="0">
    <subfield code="a">International journal of stress management</subfield>
    <subfield code="h">[electronic resourece].</subfield>
  </datafield>
  <datafield tag="500" ind1=" " ind2=" ">
    <subfield code="a">Title from the screen (viewed April 12, 2004).</subfield>
    <subfield code="5">FTaSU</subfield>
  </datafield>
  <datafield tag="500" ind1=" " ind2=" ">
    <subfield code="a">APA&apos;s full text coverage as of v.10(1)(Feb. 2003)-</subfield>
    <subfield code="5">FTaSU</subfield>
  </datafield>
  <datafield tag="500" ind1=" " ind2=" ">
    <subfield code="a">Springer&apos;s full text coverage as of v.4 (Oct.1997)-9(4) (Oct.2002).</subfield>
    <subfield code="5">FTaSU</subfield>
  </datafield>
</record>