

<record xmlns="http://www.loc.gov/MARC21/slim"
xmlns:xsi="http://www.w3.org/2001/XMLSchema-instance"
xsi:schemaLocation="http://www.loc.gov/MARC21/slim
http://www.loc.gov/standards/marcxml/schema/MARC21slim.xsd">
  <leader>02525cas a2200613 a 4500</leader>
  <controlfield tag="001">020640886</controlfield>
  <datafield tag="245" ind1="1" ind2="0">
    <subfield code="a">QJM</subfield>
    <subfield code="h">[electronic resource] :</subfield>
    <subfield code="b">monthly journal of the Association of Physicians.</subfield>
  </datafield>
  <datafield tag="500" ind1=" " ind2=" ">
    <subfield code="a">Title from contents screen (Oxford Journals, viewed Mar. 4, 2008).</subfield>
  </datafield>
  <datafield tag="500" ind1=" " ind2=" ">
    <subfield code="a">Subtitle varies.</subfield>
    <subfield code="5">FU</subfield>
  </datafield>
  <datafield tag="500" ind1=" " ind2=" ">
    <subfield code="a">Title from title screen as viewed Jul. 1, 1998.</subfield>
    <subfield code="5">FBoU</subfield>
    <subfield code="5">FU</subfield>
  </datafield>
  <datafield tag="500" ind1=" " ind2=" ">
    <subfield code="a">Description based on: Vol. 87, no. 7 (July 1994); title from journal information screen (viewed Dec. 7, 2001).</subfield>
    <subfield code="5">FPeU</subfield>
  </datafield>
  <datafield tag="500" ind1=" " ind2=" ">
    <subfield code="a">Latest issue consulted: Vol. 101, no. 3 (Mar. 2008), viewed Mar. 4, 2008</subfield>
    <subfield code="5">FTS</subfield>
  </datafield>
  <datafield tag="500" ind1=" " ind2=" ">
    <subfield code="a">Title from contents screen (Oxford Journals, viewed Mar. 4, 2008).</subfield>
    <subfield code="5">FTS</subfield>
  </datafield>
  <datafield tag="500" ind1=" " ind2=" ">
    <subfield code="a">Title from publication overview screen (Oxford University Press, viewed on Feb. 4, 2009).</subfield>
    <subfield code="5">FOFT</subfield>
  </datafield>
</record>