

<record xmlns="http://www.loc.gov/MARC21/slim"
xmlns:xsi="http://www.w3.org/2001/XMLSchema-instance"
xsi:schemaLocation="http://www.loc.gov/MARC21/slim
http://www.loc.gov/standards/marcxml/schema/MARC21slim.xsd">
  <leader>00000cas  2200397 a 4500</leader>
  <controlfield tag="001">021596720</controlfield>
  <datafield tag="245" ind1="0" ind2="0">
    <subfield code="a">Academic emergency medicine.</subfield>
  </datafield>
  <datafield tag="500" ind1=" " ind2=" ">
    <subfield code="a">&quot;official journal of the Society for Academic Emergency Medicine.&quot;</subfield>
    <subfield code="5">FU</subfield>
  </datafield>
</record>