

<record xmlns="http://www.loc.gov/MARC21/slim"
xmlns:xsi="http://www.w3.org/2001/XMLSchema-instance"
xsi:schemaLocation="http://www.loc.gov/MARC21/slim
http://www.loc.gov/standards/marcxml/schema/MARC21slim.xsd">
  <leader>03141cas a22007337a 4500</leader>
  <controlfield tag="001">020843384</controlfield>
  <datafield tag="245" ind1="0" ind2="0">
    <subfield code="a">Journal of WOCN</subfield>
    <subfield code="h">[electronic resource] :</subfield>
    <subfield code="b">wound, ostomy, and continence nursing.</subfield>
  </datafield>
</record>