

<record xmlns="http://www.loc.gov/MARC21/slim"
xmlns:xsi="http://www.w3.org/2001/XMLSchema-instance"
xsi:schemaLocation="http://www.loc.gov/MARC21/slim
http://www.loc.gov/standards/marcxml/schema/MARC21slim.xsd">
  <leader>03344cas a2200709 a 4500</leader>
  <controlfield tag="001">022669526</controlfield>
  <datafield tag="245" ind1="1" ind2="4">
    <subfield code="a">The Journal of law, medicine &amp; ethics</subfield>
    <subfield code="h">[electronic resource] :</subfield>
    <subfield code="b">a journal of the American Society of Law, Medicine &amp; Ethics.</subfield>
  </datafield>
  <datafield tag="500" ind1=" " ind2=" ">
    <subfield code="a">Description based on: Vol. 28, issue 1 (Mar. 2000); title from issue contents page (Blackwell-Synergy, viewed May 31, 2007).</subfield>
    <subfield code="5">FMFIU</subfield>
  </datafield>
  <datafield tag="500" ind1=" " ind2=" ">
    <subfield code="a">Latest issue consulted: Vol. 35, issue 2 (summer 2007); Blackwell-Synergy, viewed May 31, 2007.</subfield>
    <subfield code="5">FMFIU</subfield>
  </datafield>
  <datafield tag="500" ind1=" " ind2=" ">
    <subfield code="a">Latest issue consulted: Vol. 34, no. 4 (winter 2006) (Blackwell-Synergy, viewed Feb. 28, 2007).</subfield>
    <subfield code="5">FBoU</subfield>
    <subfield code="5">FOFT</subfield>
  </datafield>
  <datafield tag="500" ind1=" " ind2=" ">
    <subfield code="a">Description based on: Vol. 28, no. 1 (Mar. 2000); title from title screen (Blackwell-Synergy, viewed Feb. 28, 2007).</subfield>
    <subfield code="5">FTaSU</subfield>
    <subfield code="5">FTaFA</subfield>
    <subfield code="5">FBoU</subfield>
    <subfield code="5">FOFT</subfield>
  </datafield>
  <datafield tag="500" ind1=" " ind2=" ">
    <subfield code="a">Latest issue consulted: Volume 36:4 (Winter 2008) (Hein Online, viewed June 5, 2009).</subfield>
    <subfield code="5">FTaSU</subfield>
    <subfield code="5">FTaFA</subfield>
  </datafield>
  <datafield tag="500" ind1=" " ind2=" ">
    <subfield code="a">Description based on print version record.</subfield>
    <subfield code="5">FTS</subfield>
  </datafield>
</record>