

<record xmlns="http://www.loc.gov/MARC21/slim"
xmlns:xsi="http://www.w3.org/2001/XMLSchema-instance"
xsi:schemaLocation="http://www.loc.gov/MARC21/slim
http://www.loc.gov/standards/marcxml/schema/MARC21slim.xsd">
  <leader>02449cas a2200637 a 4500</leader>
  <controlfield tag="001">021292012</controlfield>
  <datafield tag="245" ind1="1" ind2="0">
    <subfield code="a">Obesity research</subfield>
    <subfield code="h">[electronic resource].</subfield>
  </datafield>
  <datafield tag="500" ind1=" " ind2=" ">
    <subfield code="a">Description based on: Vol. 8, no. 1 (2000); title from publication overview screen (NPG, viewed Nov. 30, 2009).</subfield>
    <subfield code="5">FOFT</subfield>
  </datafield>
  <datafield tag="500" ind1=" " ind2=" ">
    <subfield code="a">Title from issue table of contents (publisher&apos;s website, viewed Dec. 14, 2005).</subfield>
    <subfield code="5">FTaSU</subfield>
  </datafield>
  <datafield tag="500" ind1=" " ind2=" ">
    <subfield code="a">Description based on: Vol. 8, no. 1 (Jan. 2000); title from issue table of contents (publisher&apos;s website, viewed Dec. 22, 2003).</subfield>
    <subfield code="5">FTS</subfield>
  </datafield>
</record>