

<record xmlns="http://www.loc.gov/MARC21/slim"
xmlns:xsi="http://www.w3.org/2001/XMLSchema-instance"
xsi:schemaLocation="http://www.loc.gov/MARC21/slim
http://www.loc.gov/standards/marcxml/schema/MARC21slim.xsd">
  <leader>     cas  2200505 a 4500</leader>
  <controlfield tag="001">028016114</controlfield>
  <datafield tag="245" ind1="0" ind2="0">
    <subfield code="a">American journal of medical quality :</subfield>
    <subfield code="b">the official journal of the American College of Medical Quality.</subfield>
  </datafield>
  <datafield tag="500" ind1=" " ind2=" ">
    <subfield code="a">Title from cover.</subfield>
    <subfield code="5">FOFT</subfield>
  </datafield>
  <datafield tag="500" ind1=" " ind2=" ">
    <subfield code="a">Full text coverage :v.13 (4) winter 1998-</subfield>
    <subfield code="5">FTaSU</subfield>
  </datafield>
</record>