

<record xmlns="http://www.loc.gov/MARC21/slim"
xmlns:xsi="http://www.w3.org/2001/XMLSchema-instance"
xsi:schemaLocation="http://www.loc.gov/MARC21/slim
http://www.loc.gov/standards/marcxml/schema/MARC21slim.xsd">
  <leader>     cas  2200505 a 4500</leader>
  <controlfield tag="001">020945970</controlfield>
  <datafield tag="245" ind1="1" ind2="0">
    <subfield code="a">American journal on addictions</subfield>
    <subfield code="h">[electronic resource].</subfield>
  </datafield>
  <datafield tag="500" ind1=" " ind2=" ">
    <subfield code="a">Title from journal homepage screen (Taylor &amp; Francis, viewed on Aug. 11, 2009).</subfield>
    <subfield code="5">FOFT</subfield>
  </datafield>
  <datafield tag="500" ind1=" " ind2=" ">
    <subfield code="a">Latest issue consulted: Vol. 15, no. 4 (July/Aug. 2006), viewed Aug. 16, 2006.</subfield>
    <subfield code="5">FPeU</subfield>
  </datafield>
  <datafield tag="500" ind1=" " ind2=" ">
    <subfield code="a">Description based on: Vol. 8, no. 1 (Jan./Mar. 1999); title from journal information screen (viewed July 25, 2001).</subfield>
    <subfield code="5">FBoU</subfield>
  </datafield>
  <datafield tag="500" ind1=" " ind2=" ">
    <subfield code="a">Description based on: Vol. 8, no. 1 (winter 1999); title from contents screen ( MetaPress, viewed Aug. 16, 2006).</subfield>
    <subfield code="5">FPeU</subfield>
  </datafield>
</record>