

<record xmlns="http://www.loc.gov/MARC21/slim"
xmlns:xsi="http://www.w3.org/2001/XMLSchema-instance"
xsi:schemaLocation="http://www.loc.gov/MARC21/slim
http://www.loc.gov/standards/marcxml/schema/MARC21slim.xsd">
  <leader>     cas  2200481 a 4500</leader>
  <controlfield tag="001">028826327</controlfield>
  <datafield tag="245" ind1="1" ind2="4">
    <subfield code="a">The Annals of pharmacotherapy</subfield>
    <subfield code="h">[electronic resource].</subfield>
  </datafield>
  <datafield tag="500" ind1=" " ind2=" ">
    <subfield code="a">Description based on: Vol. 34, no. 1 (Jan. 2000); title from table of contents page (viewed July 25, 2001).</subfield>
    <subfield code="5">FTS</subfield>
  </datafield>
  <datafield tag="500" ind1=" " ind2=" ">
    <subfield code="a">Description based on: Vol. 34, no. 1 (Jan. 2000); title from table of contents page (viewed July 25, 2001).</subfield>
    <subfield code="5">FU</subfield>
  </datafield>
  <datafield tag="500" ind1=" " ind2=" ">
    <subfield code="a">Full text coverage as of v.32(1) (Jan. 1998)-</subfield>
  </datafield>
  <datafield tag="500" ind1=" " ind2=" ">
    <subfield code="a">Title from the screen (viewed March 18, 2004).</subfield>
  </datafield>
</record>