

<record xmlns="http://www.loc.gov/MARC21/slim"
xmlns:xsi="http://www.w3.org/2001/XMLSchema-instance"
xsi:schemaLocation="http://www.loc.gov/MARC21/slim
http://www.loc.gov/standards/marcxml/schema/MARC21slim.xsd">
  <leader>     cas  2200373Ia 4500</leader>
  <controlfield tag="001">021079050</controlfield>
  <datafield tag="245" ind1="1" ind2="0">
    <subfield code="a">Consulting psychology journal</subfield>
    <subfield code="h">[electronic resource]</subfield>
  </datafield>
  <datafield tag="500" ind1=" " ind2=" ">
    <subfield code="a">Description based on: Vol. 45, no. 1 (winter 1993); title from journal search screen (viewed Nov. 27, 2001).</subfield>
    <subfield code="5">FTaSU</subfield>
    <subfield code="5">FU</subfield>
    <subfield code="5">FTS</subfield>
  </datafield>
  <datafield tag="500" ind1=" " ind2=" ">
    <subfield code="a">Latest issue consulted: Vol. 56, issue 1 (winter 2004).</subfield>
    <subfield code="5">FMFIU</subfield>
  </datafield>
  <datafield tag="500" ind1=" " ind2=" ">
    <subfield code="a">Description based on: Vol. 45, issue 1 (winter 1993); title from issue contents screen (viewed Apr. 20, 2004).</subfield>
    <subfield code="5">FMFIU</subfield>
  </datafield>
  <datafield tag="500" ind1=" " ind2=" ">
    <subfield code="a">Full text coverage :v.45(1) (Winter, 1993)-</subfield>
    <subfield code="5">FTaSU</subfield>
  </datafield>
</record>