

<record xmlns="http://www.loc.gov/MARC21/slim"
xmlns:xsi="http://www.w3.org/2001/XMLSchema-instance"
xsi:schemaLocation="http://www.loc.gov/MARC21/slim
http://www.loc.gov/standards/marcxml/schema/MARC21slim.xsd">
  <leader>     cas  2200589 a 4500</leader>
  <controlfield tag="001">020204960</controlfield>
  <datafield tag="245" ind1="1" ind2="0">
    <subfield code="a">Nature genetics</subfield>
    <subfield code="h">[electronic resource].</subfield>
  </datafield>
  <datafield tag="500" ind1=" " ind2=" ">
    <subfield code="a">Description based on: Vol. 12, no. 3 (Mar. 1996); title from homepage (viewed Apr. 14, 1999).</subfield>
    <subfield code="5">FTS</subfield>
    <subfield code="5">FBoU</subfield>
    <subfield code="5">FU</subfield>
  </datafield>
  <datafield tag="500" ind1=" " ind2=" ">
    <subfield code="a">Full text coverage as of v.19(1) (May 1998)-</subfield>
    <subfield code="5">FTaSU</subfield>
  </datafield>
  <datafield tag="500" ind1=" " ind2=" ">
    <subfield code="a">Description based on: Vol. 12, no. 3 (Mar. 1996); title from homepage (viewed Nov. 14, 2002).</subfield>
    <subfield code="5">FTaSU</subfield>
  </datafield>
</record>