

<record xmlns="http://www.loc.gov/MARC21/slim"
xmlns:xsi="http://www.w3.org/2001/XMLSchema-instance"
xsi:schemaLocation="http://www.loc.gov/MARC21/slim
http://www.loc.gov/standards/marcxml/schema/MARC21slim.xsd">
  <leader>     ngm  22003254a 4500</leader>
  <controlfield tag="001">029338029</controlfield>
  <datafield tag="245" ind1="0" ind2="0">
    <subfield code="a">Discussion leader&apos;s guide for The bilingual medical interview I and The bilingual medical interview II: the geriatric interview :</subfield>
    <subfield code="b">medical interviewing across language barriers /</subfield>
    <subfield code="c">written by Eric J. Hardt; ed. by Beth Harrington.</subfield>
  </datafield>
  <datafield tag="500" ind1=" " ind2=" ">
    <subfield code="a">Prepared by the Section of General Internal Medicine, Boston Medical Center in collaboration with the Dept. of Interpreter Services and the Boston Area Health Education Center.</subfield>
    <subfield code="5">FTaSU</subfield>
  </datafield>
  <datafield tag="500" ind1=" " ind2=" ">
    <subfield code="a">The bilingual interview I-II: The Geriatric Interview.</subfield>
    <subfield code="5">FTaSU</subfield>
  </datafield>
</record>