

<record xmlns="http://www.loc.gov/MARC21/slim"
xmlns:xsi="http://www.w3.org/2001/XMLSchema-instance"
xsi:schemaLocation="http://www.loc.gov/MARC21/slim
http://www.loc.gov/standards/marcxml/schema/MARC21slim.xsd">
  <leader>01946cas a2200541 a 4500</leader>
  <controlfield tag="001">023136219</controlfield>
  <datafield tag="245" ind1="1" ind2="0">
    <subfield code="a">Reviews in clinical gerontology</subfield>
    <subfield code="h">[electronic resource].</subfield>
  </datafield>
  <datafield tag="500" ind1=" " ind2=" ">
    <subfield code="a">Description based on: Vol. 7, no. 1 (Jan. 1997); title from journal homepage screen (Cambridge, viewed Nov. 4, 2005).</subfield>
    <subfield code="5">FOFT</subfield>
  </datafield>
  <datafield tag="500" ind1=" " ind2=" ">
    <subfield code="a">Description based on: Vol. 9, no. 2 (1999); title from journal information screen (viewed Mar. 24, 2000).</subfield>
    <subfield code="5">FPeU</subfield>
    <subfield code="5">FTS</subfield>
    <subfield code="5">FBoU</subfield>
    <subfield code="5">FU</subfield>
  </datafield>
  <datafield tag="500" ind1=" " ind2=" ">
    <subfield code="a">Description based on: Vol. 9, no. 2 (1999); title from journal information screen (viewed Mar. 24, 2000).</subfield>
    <subfield code="5">FPeU</subfield>
    <subfield code="5">FTS</subfield>
    <subfield code="5">FBoU</subfield>
    <subfield code="5">FU</subfield>
  </datafield>
  <datafield tag="500" ind1=" " ind2=" ">
    <subfield code="a">Description based on: Vol. 9, no. 2 (1999); title from journal information screen (viewed Mar. 24, 2000).</subfield>
    <subfield code="5">FPeU</subfield>
    <subfield code="5">FTS</subfield>
    <subfield code="5">FBoU</subfield>
    <subfield code="5">FU</subfield>
  </datafield>
</record>