

<record xmlns="http://www.loc.gov/MARC21/slim"
xmlns:xsi="http://www.w3.org/2001/XMLSchema-instance"
xsi:schemaLocation="http://www.loc.gov/MARC21/slim
http://www.loc.gov/standards/marcxml/schema/MARC21slim.xsd">
  <leader>00000cam  2200301ua 4500</leader>
  <controlfield tag="001">020970730</controlfield>
  <datafield tag="245" ind1="0" ind2="0">
    <subfield code="a">Mosby&apos;s guide to physical examination /</subfield>
    <subfield code="c">Henry M. Seidel ... [et al.] ; sections on pregnant women contributed by Diane Wind Wardell ; original illustrations by George J. Wassilchenko and Donald P. O&apos;Connor ; photography by Patrick Watson.</subfield>
  </datafield>
  <datafield tag="500" ind1=" " ind2=" ">
    <subfield code="a">Includes index.</subfield>
    <subfield code="5">FTaFA</subfield>
    <subfield code="5">FOFT</subfield>
  </datafield>
</record>