

<record xmlns="http://www.loc.gov/MARC21/slim"
xmlns:xsi="http://www.w3.org/2001/XMLSchema-instance"
xsi:schemaLocation="http://www.loc.gov/MARC21/slim
http://www.loc.gov/standards/marcxml/schema/MARC21slim.xsd">
  <leader>     nas  22004454a 4500</leader>
  <controlfield tag="001">028209976</controlfield>
  <datafield tag="245" ind1="1" ind2="0">
    <subfield code="a">Adolescent medicine</subfield>
    <subfield code="h">[electronic resource].</subfield>
  </datafield>
  <datafield tag="500" ind1=" " ind2=" ">
    <subfield code="a">Title from homepage (viewed Feb. 7, 2007).</subfield>
    <subfield code="5">FTaSU</subfield>
  </datafield>
</record>