

<record xmlns="http://www.loc.gov/MARC21/slim"
xmlns:xsi="http://www.w3.org/2001/XMLSchema-instance"
xsi:schemaLocation="http://www.loc.gov/MARC21/slim
http://www.loc.gov/standards/marcxml/schema/MARC21slim.xsd">
  <leader>02165cas a2200613 a 4500</leader>
  <controlfield tag="001">020903111</controlfield>
  <datafield tag="245" ind1="1" ind2="0">
    <subfield code="a">Journal of the American Society of Nephrology</subfield>
    <subfield code="h">[electronic resource].</subfield>
  </datafield>
  <datafield tag="500" ind1=" " ind2=" ">
    <subfield code="a">Title from MD Consult journal information screen as viewed Dec. 19, 1998.</subfield>
    <subfield code="5">FBoU</subfield>
  </datafield>
  <datafield tag="500" ind1=" " ind2=" ">
    <subfield code="a">Title from journal homepage (HighWire, viewed Apr. 3, 2008).</subfield>
    <subfield code="5">FPeU</subfield>
  </datafield>
  <datafield tag="500" ind1=" " ind2=" ">
    <subfield code="a">Title from the screen( viewed Sep. 16, 2003).</subfield>
    <subfield code="5">FTaSU</subfield>
  </datafield>
  <datafield tag="500" ind1=" " ind2=" ">
    <subfield code="a">Description and title from MD Consult journal information screen as viewed Dec. 19, 1998.</subfield>
    <subfield code="5">FU</subfield>
  </datafield>
</record>