

<record xmlns="http://www.loc.gov/MARC21/slim"
xmlns:xsi="http://www.w3.org/2001/XMLSchema-instance"
xsi:schemaLocation="http://www.loc.gov/MARC21/slim
http://www.loc.gov/standards/marcxml/schema/MARC21slim.xsd">
  <leader>00839nas  22003018a 4500</leader>
  <controlfield tag="001">022887745</controlfield>
  <datafield tag="245" ind1="0" ind2="4">
    <subfield code="a">The Journal of clinical ethics.</subfield>
  </datafield>
  <datafield tag="500" ind1=" " ind2=" ">
    <subfield code="a">Title from cover</subfield>
    <subfield code="5">FFmFGC</subfield>
  </datafield>
  <datafield tag="590" ind1=" " ind2=" ">
    <subfield code="a">Ethics, Medical</subfield>
    <subfield code="5">FTS</subfield>
  </datafield>
</record>