

<record xmlns="http://www.loc.gov/MARC21/slim"
xmlns:xsi="http://www.w3.org/2001/XMLSchema-instance"
xsi:schemaLocation="http://www.loc.gov/MARC21/slim
http://www.loc.gov/standards/marcxml/schema/MARC21slim.xsd">
  <leader>     cas  22005777a 4500</leader>
  <controlfield tag="001">020316305</controlfield>
  <datafield tag="245" ind1="1" ind2="0">
    <subfield code="a">Red book online</subfield>
    <subfield code="h">[electronic resource] /</subfield>
    <subfield code="c">American Academy of Pediatrics.</subfield>
  </datafield>
  <datafield tag="500" ind1=" " ind2=" ">
    <subfield code="a">Description based on: 25th ed. (2000); title from the screen (viewed Une 5, 2007).</subfield>
    <subfield code="5">FTaSU</subfield>
  </datafield>
</record>