

<record xmlns="http://www.loc.gov/MARC21/slim"
xmlns:xsi="http://www.w3.org/2001/XMLSchema-instance"
xsi:schemaLocation="http://www.loc.gov/MARC21/slim
http://www.loc.gov/standards/marcxml/schema/MARC21slim.xsd">
  <leader>     cam  2200457Ia 4500</leader>
  <controlfield tag="001">021166707</controlfield>
  <datafield tag="245" ind1="1" ind2="0">
    <subfield code="a">ASM journals.</subfield>
    <subfield code="p">ASM minireviews published in the last 12 months.</subfield>
    <subfield code="h">[electronic resource].</subfield>
  </datafield>
  <datafield tag="500" ind1=" " ind2=" ">
    <subfield code="a">Title from the screen (viewed Oct. 30, 2003).</subfield>
    <subfield code="5">FTaSU</subfield>
  </datafield>
</record>