

<record xmlns="http://www.loc.gov/MARC21/slim"
xmlns:xsi="http://www.w3.org/2001/XMLSchema-instance"
xsi:schemaLocation="http://www.loc.gov/MARC21/slim
http://www.loc.gov/standards/marcxml/schema/MARC21slim.xsd">
  <leader>     cas  22004334a 4500</leader>
  <controlfield tag="001">023012087</controlfield>
  <datafield tag="245" ind1="1" ind2="0">
    <subfield code="a">Genes and immunity</subfield>
    <subfield code="h">[electronic resource].</subfield>
  </datafield>
  <datafield tag="500" ind1=" " ind2=" ">
    <subfield code="a">Description based on: Vol. 1, no. 2 (1999); title from journal information screen (viewed Feb. 21, 2000).</subfield>
    <subfield code="5">FU</subfield>
  </datafield>
  <datafield tag="500" ind1=" " ind2=" ">
    <subfield code="a">Description based on: Vol. 1, no. 2 (1999); title from journal information screen (viewed Jan. 8, 2007).</subfield>
    <subfield code="5">FTaSU</subfield>
  </datafield>
</record>