

<record xmlns="http://www.loc.gov/MARC21/slim"
xmlns:xsi="http://www.w3.org/2001/XMLSchema-instance"
xsi:schemaLocation="http://www.loc.gov/MARC21/slim
http://www.loc.gov/standards/marcxml/schema/MARC21slim.xsd">
  <leader>03160cas a2200745 a 4500</leader>
  <controlfield tag="001">020414609</controlfield>
  <datafield tag="245" ind1="1" ind2="0">
    <subfield code="a">Academic medicine</subfield>
    <subfield code="h">[electronic resource].</subfield>
  </datafield>
  <datafield tag="500" ind1=" " ind2=" ">
    <subfield code="a">Published: Hagerstown, Md. : Lippincott Williams &amp; Wilkins, 2007-</subfield>
  </datafield>
  <datafield tag="500" ind1=" " ind2=" ">
    <subfield code="a">Description based on: Vol. 75, no. 1 (Jan. 200); title from introductory screen (viewed Aug. 31, 2000).</subfield>
    <subfield code="5">FTS</subfield>
    <subfield code="5">FU</subfield>
  </datafield>
  <datafield tag="500" ind1=" " ind2=" ">
    <subfield code="a">Description based on: Vol. 75, no. 1 (Jan. 200); title from introductory screen (viewed Aug. 31, 2000).</subfield>
    <subfield code="5">FTS</subfield>
    <subfield code="5">FU</subfield>
  </datafield>
  <datafield tag="500" ind1=" " ind2=" ">
    <subfield code="a">Latest issue consulted: Vol. 76, issue 3 (Mar. 2001).</subfield>
    <subfield code="5">FTS</subfield>
    <subfield code="5">FU</subfield>
  </datafield>
  <datafield tag="500" ind1=" " ind2=" ">
    <subfield code="a">Latest issue consulted: Vol. 76, issue 3 (Mar. 2001).</subfield>
    <subfield code="5">FTS</subfield>
    <subfield code="5">FU</subfield>
  </datafield>
  <datafield tag="500" ind1=" " ind2=" ">
    <subfield code="a">Currently published by Association of American Medical Colleges, Washington, D.C.</subfield>
    <subfield code="5">FTaSU</subfield>
  </datafield>
  <datafield tag="500" ind1=" " ind2=" ">
    <subfield code="a">Title from Ovid&apos;s title page (viewed Nov.3, 2003)</subfield>
    <subfield code="5">FTaSU</subfield>
  </datafield>
  <datafield tag="500" ind1=" " ind2=" ">
    <subfield code="a">Published: Hagerstown, Md. : Lippincott Williams &amp; Wilkins, 2007-</subfield>
    <subfield code="5">FBoU</subfield>
    <subfield code="5">FOFT</subfield>
  </datafield>
  <datafield tag="500" ind1=" " ind2=" ">
    <subfield code="a">Description based on: Vol. 75, no. 1 (Jan. 2000); title from introductory screen (viewed Aug. 31, 2000).</subfield>
    <subfield code="5">FBoU</subfield>
    <subfield code="5">FOFT</subfield>
  </datafield>
  <datafield tag="500" ind1=" " ind2=" ">
    <subfield code="a">Latest issue consulted: Vol. 83(2) (Feb. 2008) (Ovid Web site, viewed Feb. 11, 2008).</subfield>
    <subfield code="5">FBoU</subfield>
    <subfield code="5">FOFT</subfield>
  </datafield>
</record>