

<record xmlns="http://www.loc.gov/MARC21/slim"
xmlns:xsi="http://www.w3.org/2001/XMLSchema-instance"
xsi:schemaLocation="http://www.loc.gov/MARC21/slim
http://www.loc.gov/standards/marcxml/schema/MARC21slim.xsd">
  <leader>     cas  2200397 a 4500</leader>
  <controlfield tag="001">021416235</controlfield>
  <datafield tag="245" ind1="1" ind2="0">
    <subfield code="a">Academic psychiatry</subfield>
    <subfield code="h">[electronic resource] :</subfield>
    <subfield code="b">official journal of the American Association of Directors of Psychiatric Residency Training and the Association for Academic Psychiatry.</subfield>
  </datafield>
  <datafield tag="500" ind1=" " ind2=" ">
    <subfield code="a">Description based on: Vol. 22, issue 1 (Mar. 1998); title from title screen of HTML (viewed July 24, 2003).</subfield>
    <subfield code="5">FU</subfield>
    <subfield code="5">FPeU</subfield>
    <subfield code="5">FBoU</subfield>
  </datafield>
</record>