

<record xmlns="http://www.loc.gov/MARC21/slim"
xmlns:xsi="http://www.w3.org/2001/XMLSchema-instance"
xsi:schemaLocation="http://www.loc.gov/MARC21/slim
http://www.loc.gov/standards/marcxml/schema/MARC21slim.xsd">
  <leader>     cas  2200505 a 4500</leader>
  <controlfield tag="001">028127590</controlfield>
  <datafield tag="245" ind1="1" ind2="0">
    <subfield code="a">International journal of impotence research</subfield>
    <subfield code="h">[electronic resource].</subfield>
  </datafield>
  <datafield tag="500" ind1=" " ind2=" ">
    <subfield code="a">Published &lt;2005-&gt;: Nature Pub. Group.</subfield>
  </datafield>
  <datafield tag="500" ind1=" " ind2=" ">
    <subfield code="a">Published &lt;2004-&gt;: Basingstoke, Hampshire, England : Nature Pub. Group.</subfield>
    <subfield code="5">FTaSU</subfield>
  </datafield>
  <datafield tag="500" ind1=" " ind2=" ">
    <subfield code="a">Title from homepage (viewed Jan. 8, 2007).</subfield>
    <subfield code="5">FTaSU</subfield>
  </datafield>
</record>