

<record xmlns="http://www.loc.gov/MARC21/slim"
xmlns:xsi="http://www.w3.org/2001/XMLSchema-instance"
xsi:schemaLocation="http://www.loc.gov/MARC21/slim
http://www.loc.gov/standards/marcxml/schema/MARC21slim.xsd">
  <leader>01055nas  2200337Ka 4500</leader>
  <controlfield tag="001">023741863</controlfield>
  <datafield tag="245" ind1="0" ind2="0">
    <subfield code="a">Respiratory medicine.</subfield>
  </datafield>
  <datafield tag="500" ind1=" " ind2=" ">
    <subfield code="a">Title from the screen (viewed May 14, 2008).</subfield>
    <subfield code="5">FTaSU</subfield>
  </datafield>
  <datafield tag="590" ind1=" " ind2=" ">
    <subfield code="a">Respiratory System; Thoracic Diseases</subfield>
    <subfield code="5">FTS</subfield>
  </datafield>
</record>