

<record xmlns="http://www.loc.gov/MARC21/slim"
xmlns:xsi="http://www.w3.org/2001/XMLSchema-instance"
xsi:schemaLocation="http://www.loc.gov/MARC21/slim
http://www.loc.gov/standards/marcxml/schema/MARC21slim.xsd">
  <leader>02009cas a2200493 a 4500</leader>
  <controlfield tag="001">020623034</controlfield>
  <datafield tag="245" ind1="1" ind2="0">
    <subfield code="a">Teaching and learning in medicine</subfield>
    <subfield code="h">[electronic resource].</subfield>
  </datafield>
  <datafield tag="500" ind1=" " ind2=" ">
    <subfield code="a">Description based on: Vol. 9, no. 1 (1997); title from journal information screen.</subfield>
    <subfield code="5">FBoU</subfield>
    <subfield code="5">FTaSU</subfield>
    <subfield code="5">FTS</subfield>
  </datafield>
  <datafield tag="500" ind1=" " ind2=" ">
    <subfield code="a">Description based on: Vol. 9, no. 4 (1997); title from Publication Overview screen (Taylor &amp; Francis online journals, viewed Feb. 25, 2008).</subfield>
    <subfield code="5">FOFT</subfield>
  </datafield>
</record>