

<record xmlns="http://www.loc.gov/MARC21/slim"
xmlns:xsi="http://www.w3.org/2001/XMLSchema-instance"
xsi:schemaLocation="http://www.loc.gov/MARC21/slim
http://www.loc.gov/standards/marcxml/schema/MARC21slim.xsd">
  <leader>     cas  2200613 a 4500</leader>
  <controlfield tag="001">021133834</controlfield>
  <datafield tag="245" ind1="0" ind2="0">
    <subfield code="a">Academic psychiatry :</subfield>
    <subfield code="b">the journal of the American Association of Directors of Psychiatric Residency Training and the Association for Academic Psychiatry.</subfield>
  </datafield>
  <datafield tag="500" ind1=" " ind2=" ">
    <subfield code="a">Title from cover.</subfield>
  </datafield>
  <datafield tag="500" ind1=" " ind2=" ">
    <subfield code="a">&quot;The journal of the American Association of Directors of Psychiatric Residency Training and the Association for Academic Psychiatry.&quot;</subfield>
    <subfield code="5">FTS</subfield>
  </datafield>
</record>