

<record xmlns="http://www.loc.gov/MARC21/slim"
xmlns:xsi="http://www.w3.org/2001/XMLSchema-instance"
xsi:schemaLocation="http://www.loc.gov/MARC21/slim
http://www.loc.gov/standards/marcxml/schema/MARC21slim.xsd">
  <leader>00000nas  2200421u  4500</leader>
  <controlfield tag="001">021128178</controlfield>
  <datafield tag="245" ind1="0" ind2="0">
    <subfield code="a">European journal of clinical nutrition</subfield>
    <subfield code="h">[electronic resource].</subfield>
  </datafield>
  <datafield tag="500" ind1=" " ind2=" ">
    <subfield code="a">Currently published by Nature Publishing Group, London</subfield>
    <subfield code="5">FTaSU</subfield>
  </datafield>
  <datafield tag="500" ind1=" " ind2=" ">
    <subfield code="a">Full text coverage as of v.51(1) (Jan. 1997)-</subfield>
    <subfield code="5">FTaSU</subfield>
  </datafield>
</record>