

<record xmlns="http://www.loc.gov/MARC21/slim"
xmlns:xsi="http://www.w3.org/2001/XMLSchema-instance"
xsi:schemaLocation="http://www.loc.gov/MARC21/slim
http://www.loc.gov/standards/marcxml/schema/MARC21slim.xsd">
  <leader>02622cas a2200637 a 4500</leader>
  <controlfield tag="001">022898102</controlfield>
  <datafield tag="245" ind1="1" ind2="0">
    <subfield code="a">Journal of clinical anesthesia</subfield>
    <subfield code="h">[electronic resource].</subfield>
  </datafield>
  <datafield tag="500" ind1=" " ind2=" ">
    <subfield code="a">Title from contents screen (ScienceDirect, viewed Mar. 15, 2006).</subfield>
  </datafield>
  <datafield tag="500" ind1=" " ind2=" ">
    <subfield code="a">Published: New York, NY : Elsevier Science Inc., 1995-</subfield>
  </datafield>
  <datafield tag="500" ind1=" " ind2=" ">
    <subfield code="a">Description based on: Vol. 7, no. 1 (1995); title from journal homepage screen (ScienceDirect, viewed Nov. 6, 2001).</subfield>
    <subfield code="5">FOFT</subfield>
  </datafield>
</record>