

<record xmlns="http://www.loc.gov/MARC21/slim"
xmlns:xsi="http://www.w3.org/2001/XMLSchema-instance"
xsi:schemaLocation="http://www.loc.gov/MARC21/slim
http://www.loc.gov/standards/marcxml/schema/MARC21slim.xsd">
  <leader>02440cas a2200613 a 4500</leader>
  <controlfield tag="001">025424453</controlfield>
  <datafield tag="245" ind1="1" ind2="0">
    <subfield code="a">Journal of clinical epidemiology</subfield>
    <subfield code="h">[electronic resource].</subfield>
  </datafield>
  <datafield tag="500" ind1=" " ind2=" ">
    <subfield code="a">Description based on: Vol. 49, issue 11 (Nov. 1996); title from general information screen (viewed Apr. 10, 1998).</subfield>
    <subfield code="5">FTS</subfield>
    <subfield code="5">FBoU</subfield>
  </datafield>
  <datafield tag="500" ind1=" " ind2=" ">
    <subfield code="a">Title and description from journal website (viewed Apr. 25, 2005).</subfield>
    <subfield code="5">FTaSU</subfield>
  </datafield>
  <datafield tag="500" ind1=" " ind2=" ">
    <subfield code="a">Description based on: Vol. 48, no. 1 (1995); title from journal homepage screen (ScienceDirect, viewed Nov. 6, 2001).</subfield>
    <subfield code="5">FOFT</subfield>
  </datafield>
  <datafield tag="500" ind1=" " ind2=" ">
    <subfield code="a">Latest issue consulted: Vol. 56, issue 10 (Oct. 2003), viewed Oct. 17, 2003.</subfield>
    <subfield code="5">FU</subfield>
  </datafield>
  <datafield tag="500" ind1=" " ind2=" ">
    <subfield code="a">Description based on: Vol. 48, issue 1 (Jan. 1995); title from contents screen (ScienceDirect, viewed Oct. 17, 2003).</subfield>
    <subfield code="5">FU</subfield>
  </datafield>
</record>