

<record xmlns="http://www.loc.gov/MARC21/slim"
xmlns:xsi="http://www.w3.org/2001/XMLSchema-instance"
xsi:schemaLocation="http://www.loc.gov/MARC21/slim
http://www.loc.gov/standards/marcxml/schema/MARC21slim.xsd">
  <leader>     cas  22004934a 4500</leader>
  <controlfield tag="001">020689285</controlfield>
  <datafield tag="245" ind1="1" ind2="0">
    <subfield code="a">Journal of spinal disorders</subfield>
    <subfield code="h">[electronic resource].</subfield>
  </datafield>
  <datafield tag="500" ind1=" " ind2=" ">
    <subfield code="a">Published: Philadelphia : Lippincott Williams &amp; Wilkins, -2001.</subfield>
    <subfield code="5">FTaSU</subfield>
    <subfield code="5">FTS</subfield>
  </datafield>
  <datafield tag="500" ind1=" " ind2=" ">
    <subfield code="a">Title from issue table of contents page (Ovid Web site, viewed Aug 26, 2003).</subfield>
    <subfield code="5">FTaSU</subfield>
  </datafield>
  <datafield tag="500" ind1=" " ind2=" ">
    <subfield code="a">Title from issue table of contents page (Ovid Web site, viewed July 20, 2007).</subfield>
    <subfield code="5">FTS</subfield>
  </datafield>
</record>