

<record xmlns="http://www.loc.gov/MARC21/slim"
xmlns:xsi="http://www.w3.org/2001/XMLSchema-instance"
xsi:schemaLocation="http://www.loc.gov/MARC21/slim
http://www.loc.gov/standards/marcxml/schema/MARC21slim.xsd">
  <leader>     cas  22005054a 4500</leader>
  <controlfield tag="001">020709947</controlfield>
  <datafield tag="245" ind1="1" ind2="0">
    <subfield code="a">Modern pathology</subfield>
    <subfield code="h">[electronic resource].</subfield>
  </datafield>
  <datafield tag="500" ind1=" " ind2=" ">
    <subfield code="a">&quot;An official journal of the United States and Canadian Academy of Pathology, Inc.&quot;</subfield>
    <subfield code="5">FTaSU</subfield>
    <subfield code="5">FTS</subfield>
  </datafield>
  <datafield tag="500" ind1=" " ind2=" ">
    <subfield code="a">Title from homepage (viewed June, 2003).</subfield>
    <subfield code="5">FTaSU</subfield>
  </datafield>
  <datafield tag="500" ind1=" " ind2=" ">
    <subfield code="a">Description based on print version record.</subfield>
    <subfield code="5">FTS</subfield>
  </datafield>
  <datafield tag="590" ind1=" " ind2=" ">
    <subfield code="a">Access only available inside the Moffitt computer network.</subfield>
    <subfield code="5">FTS</subfield>
  </datafield>
</record>