

<record xmlns="http://www.loc.gov/MARC21/slim"
xmlns:xsi="http://www.w3.org/2001/XMLSchema-instance"
xsi:schemaLocation="http://www.loc.gov/MARC21/slim
http://www.loc.gov/standards/marcxml/schema/MARC21slim.xsd">
  <leader>01402cas  2200349Ia 4500</leader>
  <controlfield tag="001">020428014</controlfield>
  <datafield tag="245" ind1="0" ind2="0">
    <subfield code="a">Ophthalmology clinics of North America</subfield>
    <subfield code="h">[electronic resource].</subfield>
  </datafield>
  <datafield tag="500" ind1=" " ind2=" ">
    <subfield code="a">Description based on: Vol. 11, no. 1 (Mar. 1998); title from PDF article footer (ScienceDirect, viewed Aug. 31, 2009).</subfield>
    <subfield code="5">FTaSU</subfield>
    <subfield code="5">FBoU</subfield>
  </datafield>
  <datafield tag="500" ind1=" " ind2=" ">
    <subfield code="a">Latest issue consulted: Vol. 18, no. 3 (Sept. 2005) (Elsevier TheClinics website, viewed Sept. 27, 2005)</subfield>
    <subfield code="5">FMFIU</subfield>
  </datafield>
  <datafield tag="500" ind1=" " ind2=" ">
    <subfield code="a">Latest issue consulted: Vol. 19, no. 4 (Dec. 2006) (ScienceDirect, viewed Aug. 31, 2009)</subfield>
    <subfield code="5">FTaSU</subfield>
    <subfield code="5">FBoU</subfield>
  </datafield>
</record>