

<record xmlns="http://www.loc.gov/MARC21/slim"
xmlns:xsi="http://www.w3.org/2001/XMLSchema-instance"
xsi:schemaLocation="http://www.loc.gov/MARC21/slim
http://www.loc.gov/standards/marcxml/schema/MARC21slim.xsd">
  <leader>     nas  2200385Ma 4500</leader>
  <controlfield tag="001">021059795</controlfield>
  <datafield tag="245" ind1="0" ind2="0">
    <subfield code="a">Professional psychology, research and practice</subfield>
    <subfield code="h">[electronic resource].</subfield>
  </datafield>
  <datafield tag="500" ind1=" " ind2=" ">
    <subfield code="a">Description based on: Vol. 19, no. 1 (Feb. 1988); title from journal search screen (viewed Nov. 29, 2001).</subfield>
    <subfield code="5">FBoU</subfield>
  </datafield>
  <datafield tag="500" ind1=" " ind2=" ">
    <subfield code="a">Title from the screen (viewed Oct.9, 2003)</subfield>
    <subfield code="5">FTaSU</subfield>
  </datafield>
  <datafield tag="500" ind1=" " ind2=" ">
    <subfield code="a">Full text coverage :v.1(1) (Nov. 1969)-</subfield>
    <subfield code="5">FTaSU</subfield>
  </datafield>
</record>