

<record xmlns="http://www.loc.gov/MARC21/slim"
xmlns:xsi="http://www.w3.org/2001/XMLSchema-instance"
xsi:schemaLocation="http://www.loc.gov/MARC21/slim
http://www.loc.gov/standards/marcxml/schema/MARC21slim.xsd">
  <leader>02012cas a22005417a 4500</leader>
  <controlfield tag="001">021265514</controlfield>
  <datafield tag="245" ind1="1" ind2="0">
    <subfield code="a">Alzheimer disease and associated disorders</subfield>
    <subfield code="h">[electronic resource].</subfield>
  </datafield>
  <datafield tag="500" ind1=" " ind2=" ">
    <subfield code="a">Description based on: Vol. 15, issue 1 (Jan./Mar. 2001); title from title screen (viewed Sept. 9, 2003).</subfield>
    <subfield code="5">FBoU</subfield>
    <subfield code="5">FTS</subfield>
    <subfield code="5">FU</subfield>
  </datafield>
  <datafield tag="500" ind1=" " ind2=" ">
    <subfield code="a">Description based on: Vol. 15, issue 1 (Jan./Mar. 2001); title from title screen (viewed Sept. 9, 2003).</subfield>
    <subfield code="5">FBoU</subfield>
    <subfield code="5">FTS</subfield>
    <subfield code="5">FU</subfield>
  </datafield>
  <datafield tag="500" ind1=" " ind2=" ">
    <subfield code="a">Latest issue consulted: Vol. 17, issue 2 (Apr./June 2003).</subfield>
    <subfield code="5">FBoU</subfield>
    <subfield code="5">FTS</subfield>
    <subfield code="5">FU</subfield>
  </datafield>
  <datafield tag="500" ind1=" " ind2=" ">
    <subfield code="a">Latest issue consulted: Vol. 17, issue 2 (Apr./June 2003).</subfield>
    <subfield code="5">FBoU</subfield>
    <subfield code="5">FTS</subfield>
    <subfield code="5">FU</subfield>
  </datafield>
</record>