

<record xmlns="http://www.loc.gov/MARC21/slim"
xmlns:xsi="http://www.w3.org/2001/XMLSchema-instance"
xsi:schemaLocation="http://www.loc.gov/MARC21/slim
http://www.loc.gov/standards/marcxml/schema/MARC21slim.xsd">
  <leader>01989nas  2200505Ka 4500</leader>
  <controlfield tag="001">028528681</controlfield>
  <datafield tag="245" ind1="0" ind2="0">
    <subfield code="a">Hematology/oncology clinics of North America</subfield>
    <subfield code="h">[computer file].</subfield>
  </datafield>
  <datafield tag="500" ind1=" " ind2=" ">
    <subfield code="a">Title from MD Consult contents list (viewed Oct.2 , 2000).</subfield>
    <subfield code="5">FBoU</subfield>
  </datafield>
  <datafield tag="500" ind1=" " ind2=" ">
    <subfield code="a">Each issue has also a distinctive title.</subfield>
    <subfield code="5">FBoU</subfield>
  </datafield>
  <datafield tag="500" ind1=" " ind2=" ">
    <subfield code="a">Latest issue consulted: Vol. 19, Issue 4 (Aug. 2005) (Elsevier&apos;s TheClinics website, viewed Sept. 20, 2005).</subfield>
    <subfield code="5">FBoU</subfield>
  </datafield>
  <datafield tag="500" ind1=" " ind2=" ">
    <subfield code="a">Published: Elsevier Health Sciences Division &lt;2005-&gt;</subfield>
    <subfield code="5">FBoU</subfield>
  </datafield>
</record>