

<record xmlns="http://www.loc.gov/MARC21/slim"
xmlns:xsi="http://www.w3.org/2001/XMLSchema-instance"
xsi:schemaLocation="http://www.loc.gov/MARC21/slim
http://www.loc.gov/standards/marcxml/schema/MARC21slim.xsd">
  <leader>     cas  22005057a 4500</leader>
  <controlfield tag="001">020425958</controlfield>
  <datafield tag="245" ind1="1" ind2="0">
    <subfield code="a">Immunology and allergy clinics of North America</subfield>
    <subfield code="h">[electronic resource].</subfield>
  </datafield>
  <datafield tag="500" ind1=" " ind2=" ">
    <subfield code="a">Description based on: Vol. 22, issue 1 (Feb. 2002); title from caption (Elsevier&apos;s TheClinics website, viewed Sept. 8, 2005).</subfield>
    <subfield code="5">FMFIU</subfield>
    <subfield code="5">FBoU</subfield>
  </datafield>
  <datafield tag="500" ind1=" " ind2=" ">
    <subfield code="a">Publisher: Elsevier Health Sciences Division, &lt;2005-&gt;</subfield>
    <subfield code="5">FMFIU</subfield>
    <subfield code="5">FBoU</subfield>
  </datafield>
  <datafield tag="500" ind1=" " ind2=" ">
    <subfield code="a">Latest issue consulted: Vol. 25, issue 3 (Aug. 2005) (Elsevier&apos;s TheClinics website, viewed Sept. 8, 2005).</subfield>
    <subfield code="5">FMFIU</subfield>
    <subfield code="5">FBoU</subfield>
  </datafield>
</record>