

<record xmlns="http://www.loc.gov/MARC21/slim"
xmlns:xsi="http://www.w3.org/2001/XMLSchema-instance"
xsi:schemaLocation="http://www.loc.gov/MARC21/slim
http://www.loc.gov/standards/marcxml/schema/MARC21slim.xsd">
  <leader>00000nas  2200445u  4500</leader>
  <controlfield tag="001">021004090</controlfield>
  <datafield tag="245" ind1="0" ind2="0">
    <subfield code="a">Journal of family psychology :</subfield>
    <subfield code="h">[electronic resource]</subfield>
    <subfield code="b">JFP:journal of the Division of Family Psychology of the American Psychological Association (Division 43).</subfield>
  </datafield>
  <datafield tag="500" ind1=" " ind2=" ">
    <subfield code="a">Currently publisehd by American Psychological Association, Washington, D.C.</subfield>
    <subfield code="5">FTaSU</subfield>
  </datafield>
  <datafield tag="500" ind1=" " ind2=" ">
    <subfield code="a">Full text coverage as of v.4(3)(Mar. 1990)-</subfield>
    <subfield code="5">FTaSU</subfield>
  </datafield>
  <datafield tag="500" ind1=" " ind2=" ">
    <subfield code="a">Title from the screen (viewed Oct.8, 2003).</subfield>
    <subfield code="5">FTaSU</subfield>
  </datafield>
  <datafield tag="500" ind1=" " ind2=" ">
    <subfield code="a">Description based on: Vol. 4, no. 1 (Sept. 1990); title from journal search screen (viewed Nov. 29, 2001).</subfield>
    <subfield code="5">FTS</subfield>
  </datafield>
</record>