

<record xmlns="http://www.loc.gov/MARC21/slim"
xmlns:xsi="http://www.w3.org/2001/XMLSchema-instance"
xsi:schemaLocation="http://www.loc.gov/MARC21/slim
http://www.loc.gov/standards/marcxml/schema/MARC21slim.xsd">
  <leader>02078cas a22005537a 4500</leader>
  <controlfield tag="001">020614820</controlfield>
  <datafield tag="245" ind1="1" ind2="0">
    <subfield code="a">Psychology of addictive behaviors</subfield>
    <subfield code="h">[electronic resource].</subfield>
  </datafield>
  <datafield tag="500" ind1=" " ind2=" ">
    <subfield code="a">Description based on: Vol. 7, no. 1 (Mar. 1993); title from journal search screen (viewed Nov. 29, 2001).</subfield>
    <subfield code="5">FPeU</subfield>
    <subfield code="5">FTaSU</subfield>
    <subfield code="5">FBoU</subfield>
    <subfield code="5">FU</subfield>
    <subfield code="5">FTS</subfield>
  </datafield>
  <datafield tag="500" ind1=" " ind2=" ">
    <subfield code="a">Description based on: Vol. 7, no. 1 (Mar. 1993); title from journal search screen (viewed Nov. 29, 2001).</subfield>
    <subfield code="5">FPeU</subfield>
    <subfield code="5">FTaSU</subfield>
    <subfield code="5">FBoU</subfield>
    <subfield code="5">FU</subfield>
    <subfield code="5">FTS</subfield>
  </datafield>
  <datafield tag="500" ind1=" " ind2=" ">
    <subfield code="a">Description based on: Vol. 7, no. 1 (Mar. 1993); title from journal search screen (viewed Nov. 29, 2001).</subfield>
    <subfield code="5">FPeU</subfield>
    <subfield code="5">FTaSU</subfield>
    <subfield code="5">FBoU</subfield>
    <subfield code="5">FU</subfield>
    <subfield code="5">FTS</subfield>
  </datafield>
  <datafield tag="500" ind1=" " ind2=" ">
    <subfield code="a">Description based on: Vol. 7, no. 1 (Mar. 1993); title from journal search screen (viewed Nov. 29, 2001).</subfield>
    <subfield code="5">FPeU</subfield>
    <subfield code="5">FTaSU</subfield>
    <subfield code="5">FBoU</subfield>
    <subfield code="5">FU</subfield>
    <subfield code="5">FTS</subfield>
  </datafield>
</record>