

<record xmlns="http://www.loc.gov/MARC21/slim"
xmlns:xsi="http://www.w3.org/2001/XMLSchema-instance"
xsi:schemaLocation="http://www.loc.gov/MARC21/slim
http://www.loc.gov/standards/marcxml/schema/MARC21slim.xsd">
  <leader>01247cam  2200313Ia 4500</leader>
  <controlfield tag="001">020627717</controlfield>
  <datafield tag="245" ind1="1" ind2="2">
    <subfield code="a">A treatise on the small-pox and measles /</subfield>
    <subfield code="c">by Abú Becr Mohammed ibn Zacaríyá ar-Rází (commonly called Rhazes) ; translated from the original Arabic by William Alexander Greenhill.</subfield>
  </datafield>
  <datafield tag="500" ind1=" " ind2=" ">
    <subfield code="a">Facsimile reprint. Originally published: London : Printed for the Sydenham Society, 1848.</subfield>
    <subfield code="5">FTS</subfield>
    <subfield code="5">FTaSU</subfield>
  </datafield>
  <datafield tag="500" ind1=" " ind2=" ">
    <subfield code="a">Accompanied by pamphlet, &quot;Notes from the editors&quot;.</subfield>
    <subfield code="5">FTS</subfield>
    <subfield code="5">FTaSU</subfield>
  </datafield>
  <datafield tag="590" ind1=" " ind2=" ">
    <subfield code="a">Behnke Collection : copy no. 9666.</subfield>
    <subfield code="5">FTS</subfield>
  </datafield>
</record>