

<record xmlns="http://www.loc.gov/MARC21/slim"
xmlns:xsi="http://www.w3.org/2001/XMLSchema-instance"
xsi:schemaLocation="http://www.loc.gov/MARC21/slim
http://www.loc.gov/standards/marcxml/schema/MARC21slim.xsd">
  <leader>01856cam  2200469 a 4500</leader>
  <controlfield tag="001">020409905</controlfield>
  <datafield tag="245" ind1="1" ind2="0">
    <subfield code="a">Medicina magica :</subfield>
    <subfield code="b">metaphysical healing methods in late-antique and medieval manuscripts with thirty facsimile plates /</subfield>
    <subfield code="c">Hans Biedermann ; translated from the German by Rosemarie Werba.</subfield>
  </datafield>
  <datafield tag="500" ind1=" " ind2=" ">
    <subfield code="a">Translation of: Handlexikon der magischen Künste von der Spätantike bis zum 19. Jahrhundert.</subfield>
    <subfield code="5">FTS</subfield>
    <subfield code="5">FTaSU</subfield>
  </datafield>
  <datafield tag="500" ind1=" " ind2=" ">
    <subfield code="a">Accompanied by pamphlet, &quot;Notes from the editors&quot;.</subfield>
    <subfield code="5">FTS</subfield>
    <subfield code="5">FTaSU</subfield>
  </datafield>
  <datafield tag="590" ind1=" " ind2=" ">
    <subfield code="a">Behnke Collection : copy no. 9666.</subfield>
    <subfield code="5">FTS</subfield>
  </datafield>
</record>