

<record xmlns="http://www.loc.gov/MARC21/slim"
xmlns:xsi="http://www.w3.org/2001/XMLSchema-instance"
xsi:schemaLocation="http://www.loc.gov/MARC21/slim
http://www.loc.gov/standards/marcxml/schema/MARC21slim.xsd">
  <leader>00000nam  22002534  4500</leader>
  <controlfield tag="001">030283550</controlfield>
  <datafield tag="245" ind1="1" ind2="0">
    <subfield code="a">Boerhaave&apos;s Aphorisms :</subfield>
    <subfield code="b">concerning the knowledge and cure of diseases/</subfield>
    <subfield code="c">translated from the last edition, printed in Latin at Leyden, 1715 ;with useful observations and explanation by J. Delacoste.</subfield>
  </datafield>
  <datafield tag="500" ind1=" " ind2=" ">
    <subfield code="a">Includes index.</subfield>
    <subfield code="5">FTaSU</subfield>
  </datafield>
  <datafield tag="500" ind1=" " ind2=" ">
    <subfield code="a">Reprint of the 1715 ed. published in London.</subfield>
    <subfield code="5">FTaSU</subfield>
  </datafield>
  <datafield tag="500" ind1=" " ind2=" ">
    <subfield code="a">Accompanied by pamphlet :&quot;Notes from the editors&quot;.</subfield>
    <subfield code="5">FTaSU</subfield>
  </datafield>
</record>