

<record xmlns="http://www.loc.gov/MARC21/slim"
xmlns:xsi="http://www.w3.org/2001/XMLSchema-instance"
xsi:schemaLocation="http://www.loc.gov/MARC21/slim
http://www.loc.gov/standards/marcxml/schema/MARC21slim.xsd">
  <leader>02729cas a2200625 a 4500</leader>
  <controlfield tag="001">027868244</controlfield>
  <datafield tag="245" ind1="1" ind2="0">
    <subfield code="a">Journal of general internal medicine</subfield>
    <subfield code="h">[electronic resource] :</subfield>
    <subfield code="b">JGIM.</subfield>
  </datafield>
  <datafield tag="500" ind1=" " ind2=" ">
    <subfield code="a">Description based on: Vol. 14, no. 2 (Feb. 1999); title from journal information screen (viewed Aug. 20, 1999).</subfield>
    <subfield code="5">FOFT</subfield>
  </datafield>
</record>