

<record xmlns="http://www.loc.gov/MARC21/slim"
xmlns:xsi="http://www.w3.org/2001/XMLSchema-instance"
xsi:schemaLocation="http://www.loc.gov/MARC21/slim
http://www.loc.gov/standards/marcxml/schema/MARC21slim.xsd">
  <leader>00000nam  22002774  4500</leader>
  <controlfield tag="001">029848461</controlfield>
  <datafield tag="245" ind1="1" ind2="0">
    <subfield code="a">History of medicine:</subfield>
    <subfield code="b">a correlative text, arranged according to subjects /</subfield>
    <subfield code="c">Cecilia c. Mettler, edited by Fred A. Mettler.</subfield>
  </datafield>
  <datafield tag="500" ind1=" " ind2=" ">
    <subfield code="a">Chapter on Neurology and psychiatry, wirtten by Fred A. Mettler, who also edited the work.</subfield>
    <subfield code="5">FTaSU</subfield>
  </datafield>
  <datafield tag="500" ind1=" " ind2=" ">
    <subfield code="a">Originally published:Philadelphia:The Blakiston Company,1947.</subfield>
    <subfield code="5">FTaSU</subfield>
  </datafield>
  <datafield tag="500" ind1=" " ind2=" ">
    <subfield code="a">Accompanied by pamphlet &quot;Notes from the editors&quot;.</subfield>
    <subfield code="5">FTaSU</subfield>
  </datafield>
</record>