

<record xmlns="http://www.loc.gov/MARC21/slim"
xmlns:xsi="http://www.w3.org/2001/XMLSchema-instance"
xsi:schemaLocation="http://www.loc.gov/MARC21/slim
http://www.loc.gov/standards/marcxml/schema/MARC21slim.xsd">
  <leader>     cas  2200565 a 4500</leader>
  <controlfield tag="001">020450558</controlfield>
  <datafield tag="245" ind1="1" ind2="0">
    <subfield code="a">American journal of preventive medicine</subfield>
    <subfield code="h">[electronic resource].</subfield>
  </datafield>
  <datafield tag="500" ind1=" " ind2=" ">
    <subfield code="a">Description based on: Vol. 21, issue 3 (Oct. 2001); title from introductory page, viewed May 13, 2002.</subfield>
    <subfield code="5">FU</subfield>
  </datafield>
  <datafield tag="500" ind1=" " ind2=" ">
    <subfield code="a">Description based on: Vol. 14, no. 1 (1998); title from journal archive screen (ScienceDirect, viewed June 8, 2010).</subfield>
    <subfield code="5">FOFT</subfield>
  </datafield>
  <datafield tag="500" ind1=" " ind2=" ">
    <subfield code="a">Latest issue consulted: Vol. 22, issue 4 (May 2002).</subfield>
    <subfield code="5">FU</subfield>
  </datafield>
  <datafield tag="500" ind1=" " ind2=" ">
    <subfield code="a">Table of content and index for 1998- also available online.</subfield>
    <subfield code="5">FU</subfield>
    <subfield code="5">FOFT</subfield>
  </datafield>
  <datafield tag="500" ind1=" " ind2=" ">
    <subfield code="a">Title from the screen (viewed Sep. 23, 2008).</subfield>
    <subfield code="5">FTaSU</subfield>
  </datafield>
  <datafield tag="500" ind1=" " ind2=" ">
    <subfield code="a">Description based on: Vol. 14, issue 3 (April 1998); Title from title information screen (as viewed on 5/15/99).</subfield>
    <subfield code="5">FTS</subfield>
    <subfield code="5">FBoU</subfield>
  </datafield>
</record>