

<record xmlns="http://www.loc.gov/MARC21/slim"
xmlns:xsi="http://www.w3.org/2001/XMLSchema-instance"
xsi:schemaLocation="http://www.loc.gov/MARC21/slim
http://www.loc.gov/standards/marcxml/schema/MARC21slim.xsd">
  <leader>     cas  2200709 a 4500</leader>
  <controlfield tag="001">020965256</controlfield>
  <datafield tag="245" ind1="1" ind2="0">
    <subfield code="a">Arthroscopy</subfield>
    <subfield code="h">[electronic resource] :</subfield>
    <subfield code="b">the journal of arthroscopic &amp; related surgery.</subfield>
  </datafield>
  <datafield tag="500" ind1=" " ind2=" ">
    <subfield code="a">Description based on: Vol. 11, no. 1 (Feb. 1995); title from journal homepage screen (ScienceDirect, viewed May 25, 2006).</subfield>
    <subfield code="5">FOFT</subfield>
  </datafield>
  <datafield tag="500" ind1=" " ind2=" ">
    <subfield code="a">Issues for Oct. 1999- include a section called: Online short reports, which is not included in the print version.</subfield>
    <subfield code="5">FBoU</subfield>
    <subfield code="5">FTS</subfield>
    <subfield code="5">FU</subfield>
    <subfield code="5">FOFT</subfield>
    <subfield code="5">FMFIU</subfield>
  </datafield>
  <datafield tag="500" ind1=" " ind2=" ">
    <subfield code="a">Description based on: Vol. 14, no. 1 (Jan.-Feb. 1998); title from table of contents (viewed Dec. 16, 1999).</subfield>
    <subfield code="5">FBoU</subfield>
    <subfield code="5">FTS</subfield>
    <subfield code="5">FU</subfield>
    <subfield code="5">FTaSU</subfield>
    <subfield code="5">FMFIU</subfield>
  </datafield>
  <datafield tag="500" ind1=" " ind2=" ">
    <subfield code="a">Latest issue consulted: Vol. 15, no. 8 (Nov.-Dec. 1999).</subfield>
    <subfield code="5">FBoU</subfield>
    <subfield code="5">FTS</subfield>
    <subfield code="5">FU</subfield>
    <subfield code="5">FTaSU</subfield>
    <subfield code="5">FMFIU</subfield>
  </datafield>
</record>