

<record xmlns="http://www.loc.gov/MARC21/slim"
xmlns:xsi="http://www.w3.org/2001/XMLSchema-instance"
xsi:schemaLocation="http://www.loc.gov/MARC21/slim
http://www.loc.gov/standards/marcxml/schema/MARC21slim.xsd">
  <leader>     cas  2200409Ka 4500</leader>
  <controlfield tag="001">023468250</controlfield>
  <datafield tag="245" ind1="1" ind2="0">
    <subfield code="a">CMAJ</subfield>
    <subfield code="h">[electronic resource].</subfield>
  </datafield>
  <datafield tag="500" ind1=" " ind2=" ">
    <subfield code="a">Issues originally mounted online as ECMAJ reformatted as CMAJ by most providers except in the Internet Archive and Library and Archives Canada Electronic Collection, 1995-2001.</subfield>
    <subfield code="5">FOFT</subfield>
  </datafield>
  <datafield tag="500" ind1=" " ind2=" ">
    <subfield code="a">Title from available issue screen.</subfield>
    <subfield code="5">FBoU</subfield>
  </datafield>
  <datafield tag="500" ind1=" " ind2=" ">
    <subfield code="a">Description based on: Vol. 163(2) (July 25, 2000); title from issue table of contents (PubMed Central Web site, viewed Sept. 1, 2005).</subfield>
    <subfield code="5">FPeU</subfield>
  </datafield>
</record>