

<record xmlns="http://www.loc.gov/MARC21/slim"
xmlns:xsi="http://www.w3.org/2001/XMLSchema-instance"
xsi:schemaLocation="http://www.loc.gov/MARC21/slim
http://www.loc.gov/standards/marcxml/schema/MARC21slim.xsd">
  <leader>00000cas  22005174a 4500</leader>
  <controlfield tag="001">020634556</controlfield>
  <datafield tag="245" ind1="1" ind2="0">
    <subfield code="a">Genitourinary medicine</subfield>
    <subfield code="h">[electronic resource].</subfield>
  </datafield>
  <datafield tag="500" ind1=" " ind2=" ">
    <subfield code="a">Full text coverage:v.71(1) (Feb. 1995)-v.73(6) (Dec. 1997).</subfield>
    <subfield code="5">FTaSU</subfield>
  </datafield>
  <datafield tag="500" ind1=" " ind2=" ">
    <subfield code="a">Title from Ovid&apos;s title page,(viewed Aug 2003).</subfield>
    <subfield code="5">FTaSU</subfield>
  </datafield>
</record>