

<record xmlns="http://www.loc.gov/MARC21/slim"
xmlns:xsi="http://www.w3.org/2001/XMLSchema-instance"
xsi:schemaLocation="http://www.loc.gov/MARC21/slim
http://www.loc.gov/standards/marcxml/schema/MARC21slim.xsd">
  <leader>01151cam  2200325Ia 4500</leader>
  <controlfield tag="001">020377638</controlfield>
  <datafield tag="245" ind1="1" ind2="4">
    <subfield code="a">The genuine works of Hippocrates /</subfield>
    <subfield code="c">translated from the Greek, with a preliminary discourse and annotations, by Francis Adams.</subfield>
  </datafield>
  <datafield tag="500" ind1=" " ind2=" ">
    <subfield code="a">Reprint. Originaly published: London : printed for the Sydenham Society, 1849.</subfield>
    <subfield code="5">FTS</subfield>
    <subfield code="5">FTaSU</subfield>
    <subfield code="5">FU</subfield>
  </datafield>
  <datafield tag="500" ind1=" " ind2=" ">
    <subfield code="a">Accompanied by pamphlet,&quot;Notes from the editors&quot;.</subfield>
    <subfield code="5">FTaSU</subfield>
  </datafield>
  <datafield tag="590" ind1=" " ind2=" ">
    <subfield code="a">Behnke Collection : copy no. 9666.</subfield>
    <subfield code="5">FTS</subfield>
  </datafield>
  <datafield tag="590" ind1=" " ind2=" ">
    <subfield code="a">Rowlands Collection: copy no. 8971.</subfield>
    <subfield code="5">FTS</subfield>
  </datafield>
</record>