

<record xmlns="http://www.loc.gov/MARC21/slim"
xmlns:xsi="http://www.w3.org/2001/XMLSchema-instance"
xsi:schemaLocation="http://www.loc.gov/MARC21/slim
http://www.loc.gov/standards/marcxml/schema/MARC21slim.xsd">
  <leader>01270nam  2200325Ia 4500</leader>
  <controlfield tag="001">020588293</controlfield>
  <datafield tag="245" ind1="1" ind2="0">
    <subfield code="a">Pathology and treatment of diseases of the skin :</subfield>
    <subfield code="b">for practitioners and students /</subfield>
    <subfield code="c">by Moriz Kaposi ; translation of the last German ed. under the supervision of James C. Johnston.</subfield>
  </datafield>
  <datafield tag="500" ind1=" " ind2=" ">
    <subfield code="a">Facsim. of: New York : Wood, 1895.</subfield>
    <subfield code="5">FTS</subfield>
    <subfield code="5">FTaSU</subfield>
  </datafield>
  <datafield tag="500" ind1=" " ind2=" ">
    <subfield code="a">Includes index.</subfield>
    <subfield code="5">FTS</subfield>
    <subfield code="5">FTaSU</subfield>
  </datafield>
  <datafield tag="500" ind1=" " ind2=" ">
    <subfield code="a">Title on spine: Diseases of the skin.</subfield>
    <subfield code="5">FTS</subfield>
    <subfield code="5">FTaSU</subfield>
  </datafield>
  <datafield tag="500" ind1=" " ind2=" ">
    <subfield code="a">Accompanied by pamphlet, &quot;Notes from the editors&quot;.</subfield>
    <subfield code="5">FTS</subfield>
    <subfield code="5">FTaSU</subfield>
  </datafield>
  <datafield tag="590" ind1=" " ind2=" ">
    <subfield code="a">Behnke Collection : copy no. 9666.</subfield>
    <subfield code="5">FTS</subfield>
  </datafield>
</record>