

<record xmlns="http://www.loc.gov/MARC21/slim"
xmlns:xsi="http://www.w3.org/2001/XMLSchema-instance"
xsi:schemaLocation="http://www.loc.gov/MARC21/slim
http://www.loc.gov/standards/marcxml/schema/MARC21slim.xsd">
  <leader>01540nam  2200313Ia 4500</leader>
  <controlfield tag="001">029810258</controlfield>
  <datafield tag="245" ind1="1" ind2="2">
    <subfield code="a">A manual of artistic anatomy /</subfield>
    <subfield code="c">by Robert Knox ; together with The hand, its mechanism and vital endowments as evincing design / by Sir Charles Bell.</subfield>
  </datafield>
  <datafield tag="500" ind1=" " ind2=" ">
    <subfield code="a">Accompanied by pamphlet, &quot;Notes from the editors&quot;.</subfield>
    <subfield code="5">FTaSU</subfield>
    <subfield code="5">FTS</subfield>
  </datafield>
  <datafield tag="500" ind1=" " ind2=" ">
    <subfield code="a">Library has copy no. 2339.</subfield>
    <subfield code="5">ISUM</subfield>
    <subfield code="5">FTaSU</subfield>
    <subfield code="5">FTS</subfield>
  </datafield>
  <datafield tag="500" ind1=" " ind2=" ">
    <subfield code="a">Accompamied by booklet entitled: Goodness tainted ; Robert Knox and the anatomy murders / by Sherwin R. Nuland.</subfield>
    <subfield code="5">FU</subfield>
  </datafield>
  <datafield tag="500" ind1=" " ind2=" ">
    <subfield code="a">Library has copy no. 149.</subfield>
    <subfield code="5">FU</subfield>
  </datafield>
  <datafield tag="500" ind1=" " ind2=" ">
    <subfield code="a">Facsimile reprint. Originally published as: A manual of artistic anatomy : for the use of sculptors, painters, and amateurs / by Robert Knox. London : Henry Renshaw, 1852. The hand, its mechanism and vital endowments as evincing design / by Sir Charles Bell. London : William Pickering, 1833.</subfield>
    <subfield code="5">FU</subfield>
    <subfield code="5">FTaSU</subfield>
    <subfield code="5">FTS</subfield>
  </datafield>
  <datafield tag="590" ind1=" " ind2=" ">
    <subfield code="a">Behnke Collection : copy no. 9666.</subfield>
    <subfield code="5">FTS</subfield>
  </datafield>
</record>