

<record xmlns="http://www.loc.gov/MARC21/slim"
xmlns:xsi="http://www.w3.org/2001/XMLSchema-instance"
xsi:schemaLocation="http://www.loc.gov/MARC21/slim
http://www.loc.gov/standards/marcxml/schema/MARC21slim.xsd">
  <leader>00000cam  2200313ua 4500</leader>
  <controlfield tag="001">029858968</controlfield>
  <datafield tag="245" ind1="1" ind2="0">
    <subfield code="a">Medical ethics, or, A code of institutes and precepts, adapted to the professional conduct of physicians and surgeons /</subfield>
    <subfield code="c">by Thomas Percival ; together with an introduction by Edmund D. Pellegrino.</subfield>
  </datafield>
  <datafield tag="500" ind1=" " ind2=" ">
    <subfield code="a">Accompanied by pamphlet, &quot;Notes from the editors&quot;.</subfield>
    <subfield code="5">FTaSU</subfield>
    <subfield code="5">FTS</subfield>
  </datafield>
  <datafield tag="500" ind1=" " ind2=" ">
    <subfield code="a">Facsimile reprint. Originally published: Manchester : Printed by S. Russell for J. Johnson and R. Bickerstaff, 1803.</subfield>
    <subfield code="5">FTaSU</subfield>
    <subfield code="5">FTS</subfield>
  </datafield>
  <datafield tag="590" ind1=" " ind2=" ">
    <subfield code="a">Behnke Collection : copy no. 9666.</subfield>
    <subfield code="5">FTS</subfield>
  </datafield>
</record>