

<record xmlns="http://www.loc.gov/MARC21/slim"
xmlns:xsi="http://www.w3.org/2001/XMLSchema-instance"
xsi:schemaLocation="http://www.loc.gov/MARC21/slim
http://www.loc.gov/standards/marcxml/schema/MARC21slim.xsd">
  <leader>00000cam  2200253ua 4500</leader>
  <controlfield tag="001">030283363</controlfield>
  <datafield tag="245" ind1="1" ind2="0">
    <subfield code="a">Essays on the anatomy of expression in painting /</subfield>
    <subfield code="c">by Charles Bell.</subfield>
  </datafield>
  <datafield tag="500" ind1=" " ind2=" ">
    <subfield code="a">Facsimile reprint. Originally published: London : Printed for Longman, Hurst, Rees, and Orme, 1806.</subfield>
    <subfield code="5">FTaSU</subfield>
  </datafield>
  <datafield tag="500" ind1=" " ind2=" ">
    <subfield code="a">Accompanied by pamphlet, &quot;Notes from the editors&quot;.</subfield>
    <subfield code="5">FTaSU</subfield>
  </datafield>
</record>