

<record xmlns="http://www.loc.gov/MARC21/slim"
xmlns:xsi="http://www.w3.org/2001/XMLSchema-instance"
xsi:schemaLocation="http://www.loc.gov/MARC21/slim
http://www.loc.gov/standards/marcxml/schema/MARC21slim.xsd">
  <leader>     cam  2200757 a 4500</leader>
  <controlfield tag="001">021387936</controlfield>
  <datafield tag="245" ind1="1" ind2="4">
    <subfield code="a">The AMA and U.S. health policy since 1940 /</subfield>
    <subfield code="c">Frank D. Campion.</subfield>
  </datafield>
  <datafield tag="590" ind1=" " ind2=" ">
    <subfield code="a">Donated by Dr. Charlotte Maguire.</subfield>
    <subfield code="5">FTaSU</subfield>
  </datafield>
  <datafield tag="590" ind1=" " ind2=" ">
    <subfield code="a">Dr. Maguire’s personal papers in Special Collections, FSU Libraries.</subfield>
    <subfield code="5">FTaSU</subfield>
  </datafield>
  <datafield tag="590" ind1=" " ind2=" ">
    <subfield code="a">UNF copy: Florida Blue Corporate Library.</subfield>
    <subfield code="5">FJUNF</subfield>
  </datafield>
</record>