

<record xmlns="http://www.loc.gov/MARC21/slim"
xmlns:xsi="http://www.w3.org/2001/XMLSchema-instance"
xsi:schemaLocation="http://www.loc.gov/MARC21/slim
http://www.loc.gov/standards/marcxml/schema/MARC21slim.xsd">
  <leader>     cas  2200385Ma 4500</leader>
  <controlfield tag="001">024963353</controlfield>
  <datafield tag="245" ind1="1" ind2="0">
    <subfield code="a">Conn&apos;s current therapy</subfield>
    <subfield code="h">[electronic resource] :</subfield>
    <subfield code="b">latest approved methods of treatment for the practicing physician.</subfield>
  </datafield>
  <datafield tag="500" ind1=" " ind2=" ">
    <subfield code="a">Title from title screen (viewed Nov. 11, 2011).</subfield>
    <subfield code="5">FTaSU</subfield>
  </datafield>
  <datafield tag="500" ind1=" " ind2=" ">
    <subfield code="a">Editors: H.F. Conn, Robert E. Rakel and others.</subfield>
  </datafield>
</record>