

<record xmlns="http://www.loc.gov/MARC21/slim"
xmlns:xsi="http://www.w3.org/2001/XMLSchema-instance"
xsi:schemaLocation="http://www.loc.gov/MARC21/slim
http://www.loc.gov/standards/marcxml/schema/MARC21slim.xsd">
  <leader>00000cam  2200361ua 4500</leader>
  <controlfield tag="001">029858976</controlfield>
  <datafield tag="245" ind1="1" ind2="3">
    <subfield code="a">An essay on the organic diseases and lesions of the heart and great vessels /</subfield>
    <subfield code="c">by J.N. Corvisart ; together with On percussion of the chest, by Leopold Auenbrugger.</subfield>
  </datafield>
  <datafield tag="500" ind1=" " ind2=" ">
    <subfield code="a">Accompanied by pamphlet, &quot;Notes from the editors&quot;.</subfield>
    <subfield code="5">FTaSU</subfield>
    <subfield code="5">FTS</subfield>
  </datafield>
  <datafield tag="500" ind1=" " ind2=" ">
    <subfield code="a">Library has copy no. 2339.</subfield>
    <subfield code="5">ISUM</subfield>
    <subfield code="5">FTaSU</subfield>
    <subfield code="5">FTS</subfield>
  </datafield>
  <datafield tag="500" ind1=" " ind2=" ">
    <subfield code="a">Facsimile reprint. Originally published as: An Essay on the organic diseases and lesions of the heart and great vessels / from the clinical lectures of J.N. Corvisart ; published, under his inspection, by C.E. Horeau, translated from the French, with notes, by Jacob Gates. Boston : Bradford and Read ; Philadelphia : Anthony Finley, 1812. Auenbrugger text taken from Original cases with dissections and observations / John Forbes. London : T. and G. Underwood, 1824.</subfield>
    <subfield code="5">FTaSU</subfield>
    <subfield code="5">FTS</subfield>
  </datafield>
  <datafield tag="500" ind1=" " ind2=" ">
    <subfield code="a">Corvisart text translation of: Essai sur les maladies et les lésions organiques du cœur et des gros vaisseaux. Paris, 1806. Auenbrugger text translation of: Inventum novum ex percussione thoracis humani ut signo abstrusos interni pectoris morbos detegendi. Vienna, 1761.</subfield>
    <subfield code="5">FTaSU</subfield>
    <subfield code="5">FTS</subfield>
  </datafield>
  <datafield tag="590" ind1=" " ind2=" ">
    <subfield code="a">Behnke Collection : copy no. 9666.</subfield>
    <subfield code="5">FTS</subfield>
  </datafield>
  <datafield tag="590" ind1=" " ind2=" ">
    <subfield code="a">Rowlands Collection : copy no. 8971.</subfield>
    <subfield code="5">FTS</subfield>
  </datafield>
</record>