

<record xmlns="http://www.loc.gov/MARC21/slim"
xmlns:xsi="http://www.w3.org/2001/XMLSchema-instance"
xsi:schemaLocation="http://www.loc.gov/MARC21/slim
http://www.loc.gov/standards/marcxml/schema/MARC21slim.xsd">
  <leader>00000cas  2200505ua 4500</leader>
  <controlfield tag="001">026586951</controlfield>
  <datafield tag="245" ind1="1" ind2="0">
    <subfield code="a">Hospital &amp; health services administration :</subfield>
    <subfield code="b">the journal of the Foundation of the American College of Hospital Administrators.</subfield>
  </datafield>
</record>