

<record xmlns="http://www.loc.gov/MARC21/slim"
xmlns:xsi="http://www.w3.org/2001/XMLSchema-instance"
xsi:schemaLocation="http://www.loc.gov/MARC21/slim
http://www.loc.gov/standards/marcxml/schema/MARC21slim.xsd">
  <leader>02295cas a2200517 a 4500</leader>
  <controlfield tag="001">029367961</controlfield>
  <datafield tag="245" ind1="1" ind2="0">
    <subfield code="a">Sports medicine</subfield>
    <subfield code="h">[electronic resource].</subfield>
  </datafield>
  <datafield tag="500" ind1=" " ind2=" ">
    <subfield code="a">Latest issue consulted: Vol. 38, no. 6 (2008), viewed June 17, 2008.</subfield>
    <subfield code="5">FTaSU</subfield>
  </datafield>
  <datafield tag="500" ind1=" " ind2=" ">
    <subfield code="a">Description based on: Vol. 25, no. 1 (1998); title from contents screen (WoltersKluwerHealth, viewed June 17, 2008).</subfield>
    <subfield code="5">FTaSU</subfield>
  </datafield>
  <datafield tag="500" ind1=" " ind2=" ">
    <subfield code="a">Description based on: Vol. 23, no. 1 (1997); title from journal information screen.</subfield>
    <subfield code="5">FTS</subfield>
  </datafield>
</record>