

<record xmlns="http://www.loc.gov/MARC21/slim"
xmlns:xsi="http://www.w3.org/2001/XMLSchema-instance"
xsi:schemaLocation="http://www.loc.gov/MARC21/slim
http://www.loc.gov/standards/marcxml/schema/MARC21slim.xsd">
  <leader>     cas  22004457a 4500</leader>
  <controlfield tag="001">020601369</controlfield>
  <datafield tag="245" ind1="1" ind2="4">
    <subfield code="a">The American journal of emergency medicine</subfield>
    <subfield code="h">[electronic resource]</subfield>
  </datafield>
  <datafield tag="500" ind1=" " ind2=" ">
    <subfield code="a">Latest issue consulted: Vol. 23, issue 6 (Oct. 2005), viewed Oct. 18, 2005.</subfield>
    <subfield code="5">FMFIU</subfield>
  </datafield>
  <datafield tag="500" ind1=" " ind2=" ">
    <subfield code="a">Title from contents page (ScienceDirect, viewed Oct. 18, 2005).</subfield>
    <subfield code="5">FMFIU</subfield>
  </datafield>
  <datafield tag="500" ind1=" " ind2=" ">
    <subfield code="a">Description based on: Vol. 18, no. 5 (Sept. 2000); title from table of contents (viewed Dec. 6, 2000).</subfield>
    <subfield code="5">FU</subfield>
    <subfield code="5">FBoU</subfield>
  </datafield>
  <datafield tag="500" ind1=" " ind2=" ">
    <subfield code="a">Ovid&apos;s full text coverage :v.18(4) (July, 2000)-v.20(2) (Mar. 2002).</subfield>
  </datafield>
  <datafield tag="500" ind1=" " ind2=" ">
    <subfield code="a">Published by: W.B. Saunders, &lt;1997-&gt;</subfield>
    <subfield code="5">FU</subfield>
    <subfield code="5">FBoU</subfield>
  </datafield>
  <datafield tag="500" ind1=" " ind2=" ">
    <subfield code="a">Published by: W.B. Saunders, &lt;1997-&gt;; Orlando, FL. : Elsevier, &lt;2004-&gt;</subfield>
    <subfield code="5">FOFT</subfield>
    <subfield code="5">FMFIU</subfield>
  </datafield>
  <datafield tag="500" ind1=" " ind2=" ">
    <subfield code="a">Description based on: Vol. 13, no. 1 (1995); title from journal archive screen (ScienceDirect, viewed July 16, 2010).</subfield>
    <subfield code="5">FOFT</subfield>
  </datafield>
</record>