

<record xmlns="http://www.loc.gov/MARC21/slim"
xmlns:xsi="http://www.w3.org/2001/XMLSchema-instance"
xsi:schemaLocation="http://www.loc.gov/MARC21/slim
http://www.loc.gov/standards/marcxml/schema/MARC21slim.xsd">
  <leader>02333cas a22005177a 4500</leader>
  <controlfield tag="001">030924470</controlfield>
  <datafield tag="245" ind1="1" ind2="4">
    <subfield code="a">The CLAO journal</subfield>
    <subfield code="h">[electronic resource].</subfield>
  </datafield>
</record>