

<record xmlns="http://www.loc.gov/MARC21/slim"
xmlns:xsi="http://www.w3.org/2001/XMLSchema-instance"
xsi:schemaLocation="http://www.loc.gov/MARC21/slim
http://www.loc.gov/standards/marcxml/schema/MARC21slim.xsd">
  <leader>     cas  2200541 a 4500</leader>
  <controlfield tag="001">024823963</controlfield>
  <datafield tag="245" ind1="1" ind2="0">
    <subfield code="a">Journal of clinical oncology</subfield>
    <subfield code="h">[electronic resource] :</subfield>
    <subfield code="b">official journal of the American Society of Clinical Oncology.</subfield>
  </datafield>
  <datafield tag="500" ind1=" " ind2=" ">
    <subfield code="a">Title from title screen.</subfield>
    <subfield code="5">FBoU</subfield>
  </datafield>
  <datafield tag="500" ind1=" " ind2=" ">
    <subfield code="a">Description based on: Vol. 17, no. 9 (Sept. 1999); title from home page (viewed Dec. 10, 1999).</subfield>
    <subfield code="5">FTS</subfield>
    <subfield code="5">FU</subfield>
  </datafield>
</record>