

<record xmlns="http://www.loc.gov/MARC21/slim"
xmlns:xsi="http://www.w3.org/2001/XMLSchema-instance"
xsi:schemaLocation="http://www.loc.gov/MARC21/slim
http://www.loc.gov/standards/marcxml/schema/MARC21slim.xsd">
  <leader>-----nas--2200277-a-4500</leader>
  <controlfield tag="001">020676276</controlfield>
  <datafield tag="245" ind1="0" ind2="0">
    <subfield code="a">Journal of hypertension.</subfield>
    <subfield code="p">Supplement</subfield>
    <subfield code="h">[electronic resource] .</subfield>
    <subfield code="b">official journal of the International Society of Hypertension.</subfield>
  </datafield>
  <datafield tag="500" ind1=" " ind2=" ">
    <subfield code="a">Currently published by Lippincott Williams &amp; Wilkins, London.</subfield>
    <subfield code="5">FTaSU</subfield>
  </datafield>
  <datafield tag="500" ind1=" " ind2=" ">
    <subfield code="a">Title from cover.</subfield>
    <subfield code="5">FTaSU</subfield>
  </datafield>
</record>