

<record xmlns="http://www.loc.gov/MARC21/slim"
xmlns:xsi="http://www.w3.org/2001/XMLSchema-instance"
xsi:schemaLocation="http://www.loc.gov/MARC21/slim
http://www.loc.gov/standards/marcxml/schema/MARC21slim.xsd">
  <leader>     nas  2200373Ia 4500</leader>
  <controlfield tag="001">020815323</controlfield>
  <datafield tag="245" ind1="1" ind2="0">
    <subfield code="a">Journal of the American College of Cardiology</subfield>
    <subfield code="h">[electronic resource].</subfield>
  </datafield>
  <datafield tag="500" ind1=" " ind2=" ">
    <subfield code="a">Title and description from journal website (viewed February 6, 2008)</subfield>
    <subfield code="5">FTaSU</subfield>
  </datafield>
  <datafield tag="500" ind1=" " ind2=" ">
    <subfield code="a">Description based on: Vol. 25, no. 1 (1995); title from title screen (viewed Nov. 8, 2001).</subfield>
    <subfield code="5">FOFT</subfield>
  </datafield>
  <datafield tag="500" ind1=" " ind2=" ">
    <subfield code="a">Description based on: Vol. 25, issue 1 (Jan. 1995); title from general information screen (viewed May 28, 1998).</subfield>
    <subfield code="5">FTS</subfield>
    <subfield code="5">FBoU</subfield>
    <subfield code="5">FMFIU</subfield>
    <subfield code="5">FTaFA</subfield>
    <subfield code="5">FU</subfield>
  </datafield>
  <datafield tag="500" ind1=" " ind2=" ">
    <subfield code="a">Title from contents screen (ScienceDirect, viewed Dec.2, 2008).</subfield>
    <subfield code="5">FTaSU</subfield>
  </datafield>
</record>