

<record xmlns="http://www.loc.gov/MARC21/slim"
xmlns:xsi="http://www.w3.org/2001/XMLSchema-instance"
xsi:schemaLocation="http://www.loc.gov/MARC21/slim
http://www.loc.gov/standards/marcxml/schema/MARC21slim.xsd">
  <leader>02077cam  2200505Ia 4500</leader>
  <controlfield tag="001">022386630</controlfield>
  <datafield tag="245" ind1="1" ind2="4">
    <subfield code="a">The Ciba collection of medical illustrations /</subfield>
    <subfield code="c">prepared by Frank H. Netter.</subfield>
  </datafield>
  <datafield tag="590" ind1=" " ind2=" ">
    <subfield code="a">Vol. 1, pt. 1--Another copy located in circulating collection.</subfield>
    <subfield code="5">FBoU</subfield>
  </datafield>
</record>