

<record xmlns="http://www.loc.gov/MARC21/slim"
xmlns:xsi="http://www.w3.org/2001/XMLSchema-instance"
xsi:schemaLocation="http://www.loc.gov/MARC21/slim
http://www.loc.gov/standards/marcxml/schema/MARC21slim.xsd">
  <leader>01158cam  22003497a 4500</leader>
  <controlfield tag="001">020410114</controlfield>
  <datafield tag="245" ind1="1" ind2="4">
    <subfield code="a">The origins of anesthesia /</subfield>
    <subfield code="c">by Sherwin B. Nuland.</subfield>
  </datafield>
  <datafield tag="500" ind1=" " ind2=" ">
    <subfield code="a">Accompanied by pamphlet, &quot;Notes from the editors&quot;.</subfield>
    <subfield code="5">FTS</subfield>
  </datafield>
  <datafield tag="590" ind1=" " ind2=" ">
    <subfield code="a">Behnke Collection : copy no. 9666.</subfield>
    <subfield code="5">FTS</subfield>
  </datafield>
</record>