

<record xmlns="http://www.loc.gov/MARC21/slim"
xmlns:xsi="http://www.w3.org/2001/XMLSchema-instance"
xsi:schemaLocation="http://www.loc.gov/MARC21/slim
http://www.loc.gov/standards/marcxml/schema/MARC21slim.xsd">
  <leader>00000cam  2200349ua 4500</leader>
  <controlfield tag="001">029858993</controlfield>
  <datafield tag="245" ind1="1" ind2="2">
    <subfield code="a">A treatise on insanity :</subfield>
    <subfield code="b">in which are contained the principles of a new and more practical nosology of maniacal disorders... /</subfield>
    <subfield code="c">by Ph. Pinel; translated from the French, by D.D. Davis.</subfield>
  </datafield>
  <datafield tag="500" ind1=" " ind2=" ">
    <subfield code="a">Translation of: Traité médico-philosophique sur l&apos;aliénation mentale.</subfield>
    <subfield code="5">FTaSU</subfield>
  </datafield>
  <datafield tag="500" ind1=" " ind2=" ">
    <subfield code="a">On spine: Pinel on insanity.</subfield>
    <subfield code="5">FTaSU</subfield>
  </datafield>
  <datafield tag="500" ind1=" " ind2=" ">
    <subfield code="a">Reprint. Originally published: Sheffield, England : Printed by W. Todd for Cadell and Davies, 1806.</subfield>
    <subfield code="5">FTaSU</subfield>
  </datafield>
  <datafield tag="500" ind1=" " ind2=" ">
    <subfield code="a">Accompanied by introductory pamphlet. &quot;Notes from the editor.</subfield>
    <subfield code="5">FTaSU</subfield>
  </datafield>
</record>