

<record xmlns="http://www.loc.gov/MARC21/slim"
xmlns:xsi="http://www.w3.org/2001/XMLSchema-instance"
xsi:schemaLocation="http://www.loc.gov/MARC21/slim
http://www.loc.gov/standards/marcxml/schema/MARC21slim.xsd">
  <leader>     cam  2200433Ia 4500</leader>
  <controlfield tag="001">030283501</controlfield>
  <datafield tag="245" ind1="1" ind2="0">
    <subfield code="a">Diseases of workers /</subfield>
    <subfield code="c">by Bernardino Ramazzini ; [the Latin text of 1713 revised, with translation and notes by Wilmer Cave Wright].</subfield>
  </datafield>
  <datafield tag="500" ind1=" " ind2=" ">
    <subfield code="a">&quot;Privately printed for members of The Classics of Medicine Library.&quot;</subfield>
    <subfield code="5">FTaSU</subfield>
  </datafield>
  <datafield tag="500" ind1=" " ind2=" ">
    <subfield code="a">Reprint. Originally published: De Morbis artificum. Chicago : University of Chicago Press, 1940.</subfield>
    <subfield code="5">FTaSU</subfield>
  </datafield>
</record>