

<record xmlns="http://www.loc.gov/MARC21/slim"
xmlns:xsi="http://www.w3.org/2001/XMLSchema-instance"
xsi:schemaLocation="http://www.loc.gov/MARC21/slim
http://www.loc.gov/standards/marcxml/schema/MARC21slim.xsd">
  <leader>00000cas  2200553ua 4500</leader>
  <controlfield tag="001">029848759</controlfield>
  <datafield tag="245" ind1="0" ind2="0">
    <subfield code="a">MMWR.</subfield>
    <subfield code="p">CDC surveillance summaries :</subfield>
    <subfield code="b">Morbidity and mortality weekly report. CDC surveillance summaries /</subfield>
    <subfield code="c">Centers for Disease Control.</subfield>
  </datafield>
</record>