

<record xmlns="http://www.loc.gov/MARC21/slim"
xmlns:xsi="http://www.w3.org/2001/XMLSchema-instance"
xsi:schemaLocation="http://www.loc.gov/MARC21/slim
http://www.loc.gov/standards/marcxml/schema/MARC21slim.xsd">
  <leader>00000cas  2200445 a 4500</leader>
  <controlfield tag="001">022988064</controlfield>
  <datafield tag="245" ind1="0" ind2="0">
    <subfield code="a">Journal of clinical oncology.</subfield>
  </datafield>
  <datafield tag="500" ind1=" " ind2=" ">
    <subfield code="a">Title from cover.</subfield>
    <subfield code="5">FOFT</subfield>
    <subfield code="5">FMFIU</subfield>
    <subfield code="5">FTaFA</subfield>
    <subfield code="5">FTS</subfield>
    <subfield code="5">FU</subfield>
  </datafield>
  <datafield tag="500" ind1=" " ind2=" ">
    <subfield code="a">Imprint varies: Philadelphia, PA : W.B. Saunders, &lt;May 1995- &gt;</subfield>
    <subfield code="5">FOFT</subfield>
    <subfield code="5">FMFIU</subfield>
    <subfield code="5">FTS</subfield>
  </datafield>
  <datafield tag="500" ind1=" " ind2=" ">
    <subfield code="a">&quot;Official journal of the American Society of Clinical Oncology.&quot;</subfield>
    <subfield code="5">FMFIU</subfield>
    <subfield code="5">FU</subfield>
  </datafield>
  <datafield tag="500" ind1=" " ind2=" ">
    <subfield code="a">Imprint varies: Orlando, FL, &lt;June 1985-&gt;</subfield>
    <subfield code="5">FTaFA</subfield>
  </datafield>
</record>