

<record xmlns="http://www.loc.gov/MARC21/slim"
xmlns:xsi="http://www.w3.org/2001/XMLSchema-instance"
xsi:schemaLocation="http://www.loc.gov/MARC21/slim
http://www.loc.gov/standards/marcxml/schema/MARC21slim.xsd">
  <leader>01541nas  2200385Ia 4500</leader>
  <controlfield tag="001">020427024</controlfield>
  <datafield tag="245" ind1="0" ind2="0">
    <subfield code="a">Emergency medicine clinics of North America (online)</subfield>
    <subfield code="h">[computer file].</subfield>
  </datafield>
  <datafield tag="500" ind1=" " ind2=" ">
    <subfield code="a">Published: Philadelphia, PA : Elsevier Health Sciences Division, &lt;2005-&gt;</subfield>
    <subfield code="5">FMFIU</subfield>
    <subfield code="5">FBoU</subfield>
  </datafield>
  <datafield tag="500" ind1=" " ind2=" ">
    <subfield code="a">Description based on: Vol. 16, no. 2 (May 1998); title from banner (Elsevier&apos;s TheClinics website, viewed Sept. 15, 2005).</subfield>
    <subfield code="5">FMFIU</subfield>
  </datafield>
  <datafield tag="500" ind1=" " ind2=" ">
    <subfield code="a">Latest issue consulted: Vol. 23, Issue 3 (Aug. 2005); (Elsevier&apos;s TheClinics website, viewed Sept. 15, 2005).</subfield>
    <subfield code="5">FMFIU</subfield>
  </datafield>
</record>