

<record xmlns="http://www.loc.gov/MARC21/slim"
xmlns:xsi="http://www.w3.org/2001/XMLSchema-instance"
xsi:schemaLocation="http://www.loc.gov/MARC21/slim
http://www.loc.gov/standards/marcxml/schema/MARC21slim.xsd">
  <leader>00000cam  2200385ua 4500</leader>
  <controlfield tag="001">029844442</controlfield>
  <datafield tag="245" ind1="1" ind2="0">
    <subfield code="a">Engravings of the brain and nerves /</subfield>
    <subfield code="c">by Sir Charles Bell ; including facsimiles of the first editions of The anatomy of the brain explained in a series of engravings (1802), A series of engravings, explaining the course of the nerves (1803), On the nerves of the face (1829).</subfield>
  </datafield>
  <datafield tag="500" ind1=" " ind2=" ">
    <subfield code="a">Reprint. London : T. N. Longman and O. Rees, 1802.</subfield>
    <subfield code="5">FTaSU</subfield>
  </datafield>
  <datafield tag="500" ind1=" " ind2=" ">
    <subfield code="a">Accompanied by introductory pamphlet. &quot;Notes from the editors.&quot;</subfield>
    <subfield code="5">FTaSU</subfield>
  </datafield>
</record>