

<record xmlns="http://www.loc.gov/MARC21/slim"
xmlns:xsi="http://www.w3.org/2001/XMLSchema-instance"
xsi:schemaLocation="http://www.loc.gov/MARC21/slim
http://www.loc.gov/standards/marcxml/schema/MARC21slim.xsd">
  <leader>02082cas a2200553 a 4500</leader>
  <controlfield tag="001">021451394</controlfield>
  <datafield tag="245" ind1="1" ind2="0">
    <subfield code="a">Cornea</subfield>
    <subfield code="h">[electronic resource] :</subfield>
    <subfield code="b">the journal of cornea and external disease.</subfield>
  </datafield>
  <datafield tag="500" ind1=" " ind2=" ">
    <subfield code="a">Title from Ovid&apos;s site (viewed Jan. 30, 2004).</subfield>
    <subfield code="5">FTaSU</subfield>
  </datafield>
  <datafield tag="500" ind1=" " ind2=" ">
    <subfield code="a">Description based on printout of: Vol. 20, no. 2 (Mar. 2001); title from title screen.</subfield>
    <subfield code="5">FTS</subfield>
    <subfield code="5">FU</subfield>
  </datafield>
  <datafield tag="500" ind1=" " ind2=" ">
    <subfield code="a">Description based on printout of: Vol. 20, no. 2 (Mar. 2001); title from title screen.</subfield>
    <subfield code="5">FTS</subfield>
    <subfield code="5">FU</subfield>
  </datafield>
</record>