

<record xmlns="http://www.loc.gov/MARC21/slim"
xmlns:xsi="http://www.w3.org/2001/XMLSchema-instance"
xsi:schemaLocation="http://www.loc.gov/MARC21/slim
http://www.loc.gov/standards/marcxml/schema/MARC21slim.xsd">
  <leader>01069nam  2200301Ka 4500</leader>
  <controlfield tag="001">020162926</controlfield>
  <datafield tag="245" ind1="1" ind2="2">
    <subfield code="a">A treatise on the blood, inflammation, and gun-shot wounds /</subfield>
    <subfield code="c">by John Hunter ; to which is prefixed, a short account of the author&apos;s life by Everard Home.</subfield>
  </datafield>
  <datafield tag="500" ind1=" " ind2=" ">
    <subfield code="a">Facsim. ed.: London : J. Richardson for G. Nicol, 1794.</subfield>
    <subfield code="5">FTS</subfield>
    <subfield code="5">FTaSU</subfield>
  </datafield>
</record>