

<record xmlns="http://www.loc.gov/MARC21/slim"
xmlns:xsi="http://www.w3.org/2001/XMLSchema-instance"
xsi:schemaLocation="http://www.loc.gov/MARC21/slim
http://www.loc.gov/standards/marcxml/schema/MARC21slim.xsd">
  <leader>02819cas a2200613 a 4500</leader>
  <controlfield tag="001">022902061</controlfield>
  <datafield tag="245" ind1="1" ind2="0">
    <subfield code="a">Journal of oral and maxillofacial surgery</subfield>
    <subfield code="h">[electronic resource].</subfield>
  </datafield>
  <datafield tag="500" ind1=" " ind2=" ">
    <subfield code="a">Published by Elsevier, &lt;Sept. 2009-&gt;.</subfield>
  </datafield>
  <datafield tag="500" ind1=" " ind2=" ">
    <subfield code="a">Description based on: Vol. 58, no. 6 (June 2000); title from contents screen (viewed Dec. 6, 2000).</subfield>
    <subfield code="5">FU</subfield>
    <subfield code="5">FBoU</subfield>
    <subfield code="5">FMFIU</subfield>
    <subfield code="5">FTS</subfield>
  </datafield>
  <datafield tag="500" ind1=" " ind2=" ">
    <subfield code="a">Description based on: Vol. 58, no. 6 (June 2000); title from contents screen (viewed Dec. 6, 2000).</subfield>
    <subfield code="5">FU</subfield>
    <subfield code="5">FBoU</subfield>
    <subfield code="5">FMFIU</subfield>
    <subfield code="5">FTS</subfield>
  </datafield>
  <datafield tag="500" ind1=" " ind2=" ">
    <subfield code="a">Description based on: Vol. 58, no. 6 (June 2000); title from contents screen (viewed Dec. 6, 2000).</subfield>
    <subfield code="5">FU</subfield>
    <subfield code="5">FBoU</subfield>
    <subfield code="5">FMFIU</subfield>
    <subfield code="5">FTS</subfield>
  </datafield>
  <datafield tag="500" ind1=" " ind2=" ">
    <subfield code="a">Description based on: Vol. 53, no. 1 (Jan. 1995); title from Journal homepage screen (ScienceDirect, viewed Oct. 4, 2006).</subfield>
    <subfield code="5">FOFT</subfield>
  </datafield>
</record>