

<record xmlns="http://www.loc.gov/MARC21/slim"
xmlns:xsi="http://www.w3.org/2001/XMLSchema-instance"
xsi:schemaLocation="http://www.loc.gov/MARC21/slim
http://www.loc.gov/standards/marcxml/schema/MARC21slim.xsd">
  <leader>00000cam  2200313ua 4500</leader>
  <controlfield tag="001">029848399</controlfield>
  <datafield tag="245" ind1="1" ind2="4">
    <subfield code="a">The evolution of modern medicine :</subfield>
    <subfield code="b">a series of lectures delivered at Yale University on the Silliman Foundation in April, 1913 /</subfield>
    <subfield code="c">by Sir William Osler.</subfield>
  </datafield>
  <datafield tag="500" ind1=" " ind2=" ">
    <subfield code="a">Reprint. Originally published: New Haven : Yale University Press, c1921. (Silliman Memorial Lectures)</subfield>
    <subfield code="5">FTaSU</subfield>
  </datafield>
  <datafield tag="500" ind1=" " ind2=" ">
    <subfield code="a">Includes indexes.</subfield>
    <subfield code="5">FTaSU</subfield>
  </datafield>
  <datafield tag="500" ind1=" " ind2=" ">
    <subfield code="a">Accompanied by pamphlet, &quot;Notes from the editors&quot;.</subfield>
    <subfield code="5">FTaSU</subfield>
  </datafield>
</record>