

<record xmlns="http://www.loc.gov/MARC21/slim"
xmlns:xsi="http://www.w3.org/2001/XMLSchema-instance"
xsi:schemaLocation="http://www.loc.gov/MARC21/slim
http://www.loc.gov/standards/marcxml/schema/MARC21slim.xsd">
  <leader>     cas  22005774a 4500</leader>
  <controlfield tag="001">020873712</controlfield>
  <datafield tag="245" ind1="1" ind2="0">
    <subfield code="a">Texas Heart Institute journal</subfield>
    <subfield code="h">[electronic resource].</subfield>
  </datafield>
  <datafield tag="500" ind1=" " ind2=" ">
    <subfield code="a">Developed and managed by the National Center for Biotechnology Information (NCBI) at the National Library of Medicine (NLM).</subfield>
    <subfield code="5">FBoU</subfield>
  </datafield>
  <datafield tag="500" ind1=" " ind2=" ">
    <subfield code="a">Description based on: Vol. 27, no. 1 (2000); title from caption (viewed Feb. 27, 2003).</subfield>
    <subfield code="5">FMFIU</subfield>
  </datafield>
  <datafield tag="500" ind1=" " ind2=" ">
    <subfield code="a">Latest issue consulted: Vol. 29, no. 2 (2002).</subfield>
    <subfield code="5">FMFIU</subfield>
  </datafield>
</record>