

<record xmlns="http://www.loc.gov/MARC21/slim"
xmlns:xsi="http://www.w3.org/2001/XMLSchema-instance"
xsi:schemaLocation="http://www.loc.gov/MARC21/slim
http://www.loc.gov/standards/marcxml/schema/MARC21slim.xsd">
  <leader>01609cas  22004097a 4500</leader>
  <controlfield tag="001">028528167</controlfield>
  <datafield tag="245" ind1="0" ind2="0">
    <subfield code="a">American journal of kidney diseases</subfield>
    <subfield code="h">[computer file] :</subfield>
    <subfield code="b">AJKD : the official journal of the National Kidney Foundation.</subfield>
  </datafield>
  <datafield tag="500" ind1=" " ind2=" ">
    <subfield code="a">Description based on: Vol. 25, no. 1 (Jan. 1995); title from Publication Overview screen (ScienceDirect, viewed Mar. 5, 2008).</subfield>
    <subfield code="5">FOFT</subfield>
  </datafield>
  <datafield tag="500" ind1=" " ind2=" ">
    <subfield code="a">Description based on: Vol. 33, no. 2 (Feb. 1999); title from journal home page (viewed Feb. 9, 1999).</subfield>
    <subfield code="5">FBoU</subfield>
    <subfield code="5">FMFIU</subfield>
  </datafield>
</record>