

<record xmlns="http://www.loc.gov/MARC21/slim"
xmlns:xsi="http://www.w3.org/2001/XMLSchema-instance"
xsi:schemaLocation="http://www.loc.gov/MARC21/slim
http://www.loc.gov/standards/marcxml/schema/MARC21slim.xsd">
  <leader>     cas  22004934i 4500</leader>
  <controlfield tag="001">029039185</controlfield>
  <datafield tag="245" ind1="1" ind2="0">
    <subfield code="a">Arteriosclerosis</subfield>
    <subfield code="h">[electronic resource] :</subfield>
    <subfield code="b">an official journal of the American Heart Association, Inc.</subfield>
  </datafield>
  <datafield tag="500" ind1=" " ind2=" ">
    <subfield code="a">Title from Ovid&apos;s title page (viewed Oct. 5, 2007).</subfield>
  </datafield>
</record>