

<record xmlns="http://www.loc.gov/MARC21/slim"
xmlns:xsi="http://www.w3.org/2001/XMLSchema-instance"
xsi:schemaLocation="http://www.loc.gov/MARC21/slim
http://www.loc.gov/standards/marcxml/schema/MARC21slim.xsd">
  <leader>00000cas  2200409 a 4500</leader>
  <controlfield tag="001">020148382</controlfield>
  <datafield tag="245" ind1="1" ind2="0">
    <subfield code="a">Directory /</subfield>
    <subfield code="c">Association of Academic Health Centers.</subfield>
  </datafield>
</record>