

<record xmlns="http://www.loc.gov/MARC21/slim"
xmlns:xsi="http://www.w3.org/2001/XMLSchema-instance"
xsi:schemaLocation="http://www.loc.gov/MARC21/slim
http://www.loc.gov/standards/marcxml/schema/MARC21slim.xsd">
  <leader>00000cam  2200301ua 4500</leader>
  <controlfield tag="001">030283508</controlfield>
  <datafield tag="245" ind1="1" ind2="0">
    <subfield code="a">Religio medici :</subfield>
    <subfield code="b">together with a letter to a friend on the death of his intimate friend and Christian morals /</subfield>
    <subfield code="c">by Sir Thomas Browne ; edited by Henry Gardiner.</subfield>
  </datafield>
  <datafield tag="500" ind1=" " ind2=" ">
    <subfield code="a">Photoreprint ed.: London : W. Pickering, 1845.</subfield>
    <subfield code="5">FTaSU</subfield>
  </datafield>
  <datafield tag="500" ind1=" " ind2=" ">
    <subfield code="a">Accompanied by introductory pamphlet. &quot;Notes from the editors.&quot;</subfield>
    <subfield code="5">FTaSU</subfield>
  </datafield>
</record>