

<record xmlns="http://www.loc.gov/MARC21/slim"
xmlns:xsi="http://www.w3.org/2001/XMLSchema-instance"
xsi:schemaLocation="http://www.loc.gov/MARC21/slim
http://www.loc.gov/standards/marcxml/schema/MARC21slim.xsd">
  <leader>01587cas  22004097a 45 0</leader>
  <controlfield tag="001">024374151</controlfield>
  <datafield tag="245" ind1="1" ind2="0">
    <subfield code="a">Clinics in laboratory medicine</subfield>
    <subfield code="h">[electronic resource].</subfield>
  </datafield>
  <datafield tag="500" ind1=" " ind2=" ">
    <subfield code="a">Published: Philadelphia, PA : Elsevier Health Sciences Division, &lt;2005-&gt;</subfield>
    <subfield code="5">FTaSU</subfield>
    <subfield code="5">FBoU</subfield>
  </datafield>
  <datafield tag="500" ind1=" " ind2=" ">
    <subfield code="a">Description based on: Vol. 22, Issue 1 (Mar. 2002); title from banner (Elsevier&apos;s TheClinics website, viewed Sept. 13, 2005).</subfield>
    <subfield code="5">FBoU</subfield>
  </datafield>
</record>