

<record xmlns="http://www.loc.gov/MARC21/slim"
xmlns:xsi="http://www.w3.org/2001/XMLSchema-instance"
xsi:schemaLocation="http://www.loc.gov/MARC21/slim
http://www.loc.gov/standards/marcxml/schema/MARC21slim.xsd">
  <leader>00000cam  2200409ua 4500</leader>
  <controlfield tag="001">030283352</controlfield>
  <datafield tag="245" ind1="1" ind2="4">
    <subfield code="a">The etiology, the concept and the prophylaxis of childbed fever /</subfield>
    <subfield code="c">by Ignác Fülöp Semmelweis ; translated by Frank P. Murphy ; edited with commentary and translation of the Semmelweis &quot;Open letters&quot; by Sherwin B. Nuland and Ferenc A. Gyorgyey.</subfield>
  </datafield>
  <datafield tag="500" ind1=" " ind2=" ">
    <subfield code="a">Photoreprint ed. of the first English translation of 1941.</subfield>
    <subfield code="5">FTaSU</subfield>
  </datafield>
  <datafield tag="500" ind1=" " ind2=" ">
    <subfield code="a">Accompanied by pamphlet, &quot;Notes from the editors&quot;.</subfield>
    <subfield code="5">FTaSU</subfield>
  </datafield>
</record>