

<record xmlns="http://www.loc.gov/MARC21/slim"
xmlns:xsi="http://www.w3.org/2001/XMLSchema-instance"
xsi:schemaLocation="http://www.loc.gov/MARC21/slim
http://www.loc.gov/standards/marcxml/schema/MARC21slim.xsd">
  <leader>01925cas  2200469 a 4500</leader>
  <controlfield tag="001">020601405</controlfield>
  <datafield tag="245" ind1="1" ind2="0">
    <subfield code="a">American journal of forensic medicine &amp; pathology</subfield>
    <subfield code="h">[electronic resource].</subfield>
  </datafield>
  <datafield tag="500" ind1=" " ind2=" ">
    <subfield code="a">Title from journal home page (Ovid&apos;s site viewed July 31, 2003).</subfield>
  </datafield>
  <datafield tag="500" ind1=" " ind2=" ">
    <subfield code="a">Description based on: Vol. 24, issue 1 (Mar. 2003); title from journal home page (viewed Mar. 4, 2003).</subfield>
    <subfield code="5">FU</subfield>
  </datafield>
</record>