

<record xmlns="http://www.loc.gov/MARC21/slim"
xmlns:xsi="http://www.w3.org/2001/XMLSchema-instance"
xsi:schemaLocation="http://www.loc.gov/MARC21/slim
http://www.loc.gov/standards/marcxml/schema/MARC21slim.xsd">
  <leader>     cas  2200397 a 4500</leader>
  <controlfield tag="001">024710184</controlfield>
  <datafield tag="245" ind1="1" ind2="0">
    <subfield code="a">American journal of neuroradiology</subfield>
    <subfield code="h">[electronic resource] :</subfield>
    <subfield code="b">AJNR.</subfield>
  </datafield>
  <datafield tag="500" ind1=" " ind2=" ">
    <subfield code="a">Highwire Press assists in the publication of AJNR Online.</subfield>
    <subfield code="5">FBoU</subfield>
  </datafield>
  <datafield tag="500" ind1=" " ind2=" ">
    <subfield code="a">Latest issue consulted: Vol. 28, issue 4 (Apr. 2007) (viewed publishers website Apr. 26, 2007).</subfield>
    <subfield code="5">FBoU</subfield>
  </datafield>
  <datafield tag="500" ind1=" " ind2=" ">
    <subfield code="a">Full text coverage :v.16(1) (Jan. 1995)-</subfield>
  </datafield>
  <datafield tag="500" ind1=" " ind2=" ">
    <subfield code="a">An American Roentgen Ray Society journal.</subfield>
  </datafield>
  <datafield tag="500" ind1=" " ind2=" ">
    <subfield code="a">Title from the screen (viewed April 24, 2007).</subfield>
  </datafield>
  <datafield tag="500" ind1=" " ind2=" ">
    <subfield code="a">Description based on: Vol. 16, issue 1 (Jan. 1995); title from journal home page</subfield>
    <subfield code="5">FPeU</subfield>
    <subfield code="5">FBoU</subfield>
  </datafield>
</record>