

<record xmlns="http://www.loc.gov/MARC21/slim"
xmlns:xsi="http://www.w3.org/2001/XMLSchema-instance"
xsi:schemaLocation="http://www.loc.gov/MARC21/slim
http://www.loc.gov/standards/marcxml/schema/MARC21slim.xsd">
  <leader>03147cas a2200661 a 4500</leader>
  <controlfield tag="001">022841163</controlfield>
  <datafield tag="245" ind1="1" ind2="0">
    <subfield code="a">Annals of emergency medicine</subfield>
    <subfield code="h">[electronic resource] :</subfield>
    <subfield code="b">journal of the American College of Emergency Physicians.</subfield>
  </datafield>
  <datafield tag="500" ind1=" " ind2=" ">
    <subfield code="a">Title from contents screen (ScienceDirect, viewed Feb. 26, 2007).</subfield>
  </datafield>
  <datafield tag="500" ind1=" " ind2=" ">
    <subfield code="a">Published: New York, NY : Elsevier Inc., 2005-</subfield>
  </datafield>
  <datafield tag="500" ind1=" " ind2=" ">
    <subfield code="a">Description based on: Vol. 23, no. 1 (Jan. 1994); title from contents screen.</subfield>
    <subfield code="5">FU</subfield>
    <subfield code="5">FBoU</subfield>
  </datafield>
  <datafield tag="500" ind1=" " ind2=" ">
    <subfield code="a">Published: New York, NY : Elsevier Inc., 2005-</subfield>
    <subfield code="5">FOFT</subfield>
  </datafield>
  <datafield tag="500" ind1=" " ind2=" ">
    <subfield code="a">Title from contents screen (ScienceDirect, viewed Feb. 26, 2007).</subfield>
    <subfield code="5">FOFT</subfield>
  </datafield>
</record>