

<record xmlns="http://www.loc.gov/MARC21/slim"
xmlns:xsi="http://www.w3.org/2001/XMLSchema-instance"
xsi:schemaLocation="http://www.loc.gov/MARC21/slim
http://www.loc.gov/standards/marcxml/schema/MARC21slim.xsd">
  <leader>03576cas a2200817 a 4500</leader>
  <controlfield tag="001">020938187</controlfield>
  <datafield tag="245" ind1="1" ind2="0">
    <subfield code="a">Journal of nutrition for the elderly</subfield>
    <subfield code="h">[electronic resource].</subfield>
  </datafield>
  <datafield tag="500" ind1=" " ind2=" ">
    <subfield code="a">Description based on: Vol. 23, no. 2 (2002); title from journal information screen (FirstSearch, viewed Mar. 18, 2004).</subfield>
    <subfield code="5">FTaSU</subfield>
    <subfield code="5">FTS</subfield>
    <subfield code="5">FBoU</subfield>
  </datafield>
  <datafield tag="500" ind1=" " ind2=" ">
    <subfield code="a">Description based on: Vol. 23, no. 2 (2002); title from journal information screen (FirstSearch, viewed Mar. 18, 2004).</subfield>
    <subfield code="5">FTaSU</subfield>
    <subfield code="5">FTS</subfield>
    <subfield code="5">FBoU</subfield>
  </datafield>
  <datafield tag="500" ind1=" " ind2=" ">
    <subfield code="a">Description based on: Vol. 16, no. 2 (1997); title from journal archive screen (Taylor &amp; Francis Online Journals, viewed Apr. 16, 2009).</subfield>
    <subfield code="5">FOFT</subfield>
  </datafield>
  <datafield tag="500" ind1=" " ind2=" ">
    <subfield code="a">Title from Informa&apos;s journal page (viewed Sep. 27, 2006).</subfield>
    <subfield code="5">FTaSU</subfield>
  </datafield>
</record>