

<record xmlns="http://www.loc.gov/MARC21/slim"
xmlns:xsi="http://www.w3.org/2001/XMLSchema-instance"
xsi:schemaLocation="http://www.loc.gov/MARC21/slim
http://www.loc.gov/standards/marcxml/schema/MARC21slim.xsd">
  <leader>00000cam  2200289ui 4500</leader>
  <controlfield tag="001">030282164</controlfield>
  <datafield tag="245" ind1="1" ind2="2">
    <subfield code="a">A Treatise on the scurvy</subfield>
    <subfield code="b">in three parts: containing an inquiry into the nature, causes, and cures of that disease: together with a critical and chronological view of what has been published on the subject /</subfield>
    <subfield code="c">by James Lind.</subfield>
  </datafield>
  <datafield tag="500" ind1=" " ind2=" ">
    <subfield code="a">Reprint of the 1772 ed. published by S. Crowder, D. Wilson, G. Nicholls, T. Cadell, T. Becket, G. Pearch and W. Woodfall, London.</subfield>
    <subfield code="5">FTaSU</subfield>
  </datafield>
  <datafield tag="500" ind1=" " ind2=" ">
    <subfield code="a">Includes index.</subfield>
    <subfield code="5">FTaSU</subfield>
  </datafield>
  <datafield tag="500" ind1=" " ind2=" ">
    <subfield code="a">Accompanied by pamphlet, &quot;Notes from the editors&quot;.</subfield>
    <subfield code="5">FTaSU</subfield>
  </datafield>
</record>