

<record xmlns="http://www.loc.gov/MARC21/slim"
xmlns:xsi="http://www.w3.org/2001/XMLSchema-instance"
xsi:schemaLocation="http://www.loc.gov/MARC21/slim
http://www.loc.gov/standards/marcxml/schema/MARC21slim.xsd">
  <leader>01586nam  2200373 a 4500</leader>
  <controlfield tag="001">020164630</controlfield>
  <datafield tag="245" ind1="1" ind2="4">
    <subfield code="a">The pituitary body and its disorders :</subfield>
    <subfield code="b">clinical states produced by disorders of the hypophysis cerebri /</subfield>
    <subfield code="c">by Harvey Cushing.</subfield>
  </datafield>
  <datafield tag="500" ind1=" " ind2=" ">
    <subfield code="a">&quot;This special edition of The Pituitary body and its disorders by Harvey Cushing, M.D. has been privately printed for the members of the Classics of Medicine Library.&quot;--Leaf preceding t.p.</subfield>
    <subfield code="5">FTS</subfield>
    <subfield code="5">FTaSU</subfield>
  </datafield>
  <datafield tag="500" ind1=" " ind2=" ">
    <subfield code="a">&quot;An amplification of the Harvey Lecture for December, 1910.&quot;</subfield>
    <subfield code="5">FTS</subfield>
    <subfield code="5">FTaSU</subfield>
  </datafield>
  <datafield tag="500" ind1=" " ind2=" ">
    <subfield code="a">Reprint. Originally published: Philadelphia : Lippincott, 1912.</subfield>
    <subfield code="5">FTS</subfield>
    <subfield code="5">FTaSU</subfield>
  </datafield>
</record>