

<record xmlns="http://www.loc.gov/MARC21/slim"
xmlns:xsi="http://www.w3.org/2001/XMLSchema-instance"
xsi:schemaLocation="http://www.loc.gov/MARC21/slim
http://www.loc.gov/standards/marcxml/schema/MARC21slim.xsd">
  <leader>     cas  2200493 a 4500</leader>
  <controlfield tag="001">022878122</controlfield>
  <datafield tag="245" ind1="1" ind2="0">
    <subfield code="a">General hospital psychiatry</subfield>
    <subfield code="h">[electronic resource].</subfield>
  </datafield>
  <datafield tag="500" ind1=" " ind2=" ">
    <subfield code="a">Description based on: Vol. 17, no. 1 (1995); title from title screen (viewed Nov. 1, 2001).</subfield>
    <subfield code="5">FOFT</subfield>
  </datafield>
  <datafield tag="500" ind1=" " ind2=" ">
    <subfield code="a">Description based on: Vol. 19, issue 1 (Jan. 1997); title from general information screen (viewed Apr. 2, 1998).</subfield>
    <subfield code="5">FU</subfield>
    <subfield code="5">FBoU</subfield>
    <subfield code="5">FTaSU</subfield>
    <subfield code="5">FMFIU</subfield>
    <subfield code="5">FTaFA</subfield>
  </datafield>
</record>