

<record xmlns="http://www.loc.gov/MARC21/slim"
xmlns:xsi="http://www.w3.org/2001/XMLSchema-instance"
xsi:schemaLocation="http://www.loc.gov/MARC21/slim
http://www.loc.gov/standards/marcxml/schema/MARC21slim.xsd">
  <leader>01705cas  22004097a 4500</leader>
  <controlfield tag="001">022666398</controlfield>
  <datafield tag="245" ind1="0" ind2="0">
    <subfield code="a">Journal of the American Academy of Dermatology</subfield>
    <subfield code="h">[electronic resource].</subfield>
  </datafield>
  <datafield tag="500" ind1=" " ind2=" ">
    <subfield code="a">Description based on: Vol. 32, no. 1 (Jan. 1995); title from journal homepage screen (ScienceDirect, viewed Sept. 8, 2006).</subfield>
    <subfield code="5">FOFT</subfield>
  </datafield>
  <datafield tag="500" ind1=" " ind2=" ">
    <subfield code="a">Description based on: Vol. 36, no. 1 (Jan. 1997); title from contents screen (viewed Dec. 4, 2000).</subfield>
    <subfield code="5">FPeU</subfield>
    <subfield code="5">FU</subfield>
    <subfield code="5">FBoU</subfield>
  </datafield>
</record>