

<record xmlns="http://www.loc.gov/MARC21/slim"
xmlns:xsi="http://www.w3.org/2001/XMLSchema-instance"
xsi:schemaLocation="http://www.loc.gov/MARC21/slim
http://www.loc.gov/standards/marcxml/schema/MARC21slim.xsd">
  <leader>00000cam  2200409 i 4500</leader>
  <controlfield tag="001">030274030</controlfield>
  <datafield tag="245" ind1="1" ind2="2">
    <subfield code="a">A treatise on the diseases of the chest :</subfield>
    <subfield code="b">in which they are described according to their anatomical characters, and their diagnosis established on a new principle by means of acoustick instruments /</subfield>
    <subfield code="c">translated from the French of R.T.H. Laennec ; with a preface and notes by John Forbes.</subfield>
  </datafield>
  <datafield tag="500" ind1=" " ind2=" ">
    <subfield code="a">Translation of: De l&apos;auscultation médiate.</subfield>
    <subfield code="5">FTaSU</subfield>
  </datafield>
  <datafield tag="500" ind1=" " ind2=" ">
    <subfield code="a">Reprint. Originally published: London : T.G. Underwood, 1821.</subfield>
    <subfield code="5">FTaSU</subfield>
  </datafield>
</record>