

<record xmlns="http://www.loc.gov/MARC21/slim"
xmlns:xsi="http://www.w3.org/2001/XMLSchema-instance"
xsi:schemaLocation="http://www.loc.gov/MARC21/slim
http://www.loc.gov/standards/marcxml/schema/MARC21slim.xsd">
  <leader>     cas  2200385Ia 4500</leader>
  <controlfield tag="001">024895404</controlfield>
  <datafield tag="245" ind1="1" ind2="0">
    <subfield code="a">Medical teacher</subfield>
    <subfield code="h">[electronic resource].</subfield>
  </datafield>
  <datafield tag="500" ind1=" " ind2=" ">
    <subfield code="a">Imprint varies: published: Abingdon, Oxfordshire England : Carfax International Publishers, &lt;1998&gt;-</subfield>
    <subfield code="5">FBoU</subfield>
  </datafield>
  <datafield tag="500" ind1=" " ind2=" ">
    <subfield code="a">Description based on: Vol. 20, no. 1 (1998); title from journal information screen (viewed Aug. 17, 1998).</subfield>
    <subfield code="5">FBoU</subfield>
  </datafield>
</record>