

<record xmlns="http://www.loc.gov/MARC21/slim"
xmlns:xsi="http://www.w3.org/2001/XMLSchema-instance"
xsi:schemaLocation="http://www.loc.gov/MARC21/slim
http://www.loc.gov/standards/marcxml/schema/MARC21slim.xsd">
  <leader>01164cam  2200313 a 4500</leader>
  <controlfield tag="001">020072099</controlfield>
  <datafield tag="245" ind1="1" ind2="0">
    <subfield code="a">Medical inquiries and observations upon the diseases of the mind /</subfield>
    <subfield code="c">by Benjamin Rush.</subfield>
  </datafield>
  <datafield tag="500" ind1=" " ind2=" ">
    <subfield code="a">&quot;Printed for the members of the Classics of Medicine Library.&quot;--First preliminary page.</subfield>
    <subfield code="5">FTS</subfield>
    <subfield code="5">FTaSU</subfield>
  </datafield>
  <datafield tag="500" ind1=" " ind2=" ">
    <subfield code="a">Accompanied by pamphlet, &quot;Notes from the editors&quot;.</subfield>
    <subfield code="5">FTS</subfield>
    <subfield code="5">FTaSU</subfield>
  </datafield>
  <datafield tag="500" ind1=" " ind2=" ">
    <subfield code="a">Reprint of the 1812 ed. published by Kimber &amp; Richardson, Philadelphia.</subfield>
    <subfield code="5">FTS</subfield>
  </datafield>
  <datafield tag="500" ind1=" " ind2=" ">
    <subfield code="a">Reprint. Originally published: Philadelphia : Kimber &amp; Richardson, 1812.</subfield>
    <subfield code="5">FTaSU</subfield>
  </datafield>
</record>