

<record xmlns="http://www.loc.gov/MARC21/slim"
xmlns:xsi="http://www.w3.org/2001/XMLSchema-instance"
xsi:schemaLocation="http://www.loc.gov/MARC21/slim
http://www.loc.gov/standards/marcxml/schema/MARC21slim.xsd">
  <leader>00000cam  2200349ui 4500</leader>
  <controlfield tag="001">030283360</controlfield>
  <datafield tag="245" ind1="1" ind2="4">
    <subfield code="a">The works of Thomas Sydenham M.D. /</subfield>
    <subfield code="c">translated from the Latin ed. of Dr. Greenhill with A life of the author by R. G. Latham, M.D.</subfield>
  </datafield>
  <datafield tag="500" ind1=" " ind2=" ">
    <subfield code="a">Facsimile of the Sydenham Society&apos;s two-volume edition of 1848-1850, retranslated from Latin into English by Dr. W. A. Greenhill.</subfield>
    <subfield code="5">FTaSU</subfield>
  </datafield>
  <datafield tag="500" ind1=" " ind2=" ">
    <subfield code="a">Accompanied by pamphlet, &quot;Notes from the editors&quot;.</subfield>
    <subfield code="5">FTaSU</subfield>
  </datafield>
</record>