

<record xmlns="http://www.loc.gov/MARC21/slim"
xmlns:xsi="http://www.w3.org/2001/XMLSchema-instance"
xsi:schemaLocation="http://www.loc.gov/MARC21/slim
http://www.loc.gov/standards/marcxml/schema/MARC21slim.xsd">
  <leader>00000cam  2200313ui 4500</leader>
  <controlfield tag="001">030274059</controlfield>
  <datafield tag="245" ind1="1" ind2="3">
    <subfield code="a">An account of the foxglove, and some of its medical uses :</subfield>
    <subfield code="b">with practical remarks on dropsy and other diseases /</subfield>
    <subfield code="c">by William Withering.</subfield>
  </datafield>
  <datafield tag="500" ind1=" " ind2=" ">
    <subfield code="a">Reprint of the 1785 ed. printed by M. Swinney for G.G.J. and J. Robinson, London.</subfield>
    <subfield code="5">FTaSU</subfield>
  </datafield>
  <datafield tag="500" ind1=" " ind2=" ">
    <subfield code="a">&quot;This special edition ... has been privately printed for the members of The Classics of Medicine Library. &quot;</subfield>
    <subfield code="5">FTaSU</subfield>
  </datafield>
</record>