

<record xmlns="http://www.loc.gov/MARC21/slim"
xmlns:xsi="http://www.w3.org/2001/XMLSchema-instance"
xsi:schemaLocation="http://www.loc.gov/MARC21/slim
http://www.loc.gov/standards/marcxml/schema/MARC21slim.xsd">
  <leader>     cas  2200469 a 4500</leader>
  <controlfield tag="001">024717970</controlfield>
  <datafield tag="245" ind1="1" ind2="0">
    <subfield code="a">Diabetes care</subfield>
    <subfield code="h">[electronic resource].</subfield>
  </datafield>
  <datafield tag="500" ind1=" " ind2=" ">
    <subfield code="a">Title from journal homepage (HighWire, viewed Mar. 24, 2008).</subfield>
    <subfield code="5">FPeU</subfield>
  </datafield>
  <datafield tag="500" ind1=" " ind2=" ">
    <subfield code="a">Description based on: Vol. 21, no. 1 (2008); title from publication overview screen (Highwire, viewed Aug. 3, 2011).</subfield>
    <subfield code="5">FOFT</subfield>
  </datafield>
  <datafield tag="500" ind1=" " ind2=" ">
    <subfield code="a">Stanford University Libraries&apos; HighWire Press assists in the online publication of Diabetes Care.</subfield>
    <subfield code="5">FPeU</subfield>
  </datafield>
  <datafield tag="500" ind1=" " ind2=" ">
    <subfield code="a">Description based on print version record.</subfield>
    <subfield code="5">FBoU</subfield>
    <subfield code="5">FTaSU</subfield>
  </datafield>
  <datafield tag="500" ind1=" " ind2=" ">
    <subfield code="a">Title from Ovid&apos;s title page (viewed Aug. 12, 2003).</subfield>
    <subfield code="5">FTaSU</subfield>
  </datafield>
</record>