

<record xmlns="http://www.loc.gov/MARC21/slim"
xmlns:xsi="http://www.w3.org/2001/XMLSchema-instance"
xsi:schemaLocation="http://www.loc.gov/MARC21/slim
http://www.loc.gov/standards/marcxml/schema/MARC21slim.xsd">
  <leader>00000cam  2200361ui 4500</leader>
  <controlfield tag="001">030283290</controlfield>
  <datafield tag="245" ind1="1" ind2="0">
    <subfield code="a">Exercitatio anatomica de motu cordis et sanguinis in animalibus :</subfield>
    <subfield code="b">being a facsimile of the 1628 Francofurti edition, together with the Keynes English translation of 1928 /</subfield>
    <subfield code="c">William Harvey.</subfield>
  </datafield>
  <datafield tag="500" ind1=" " ind2=" ">
    <subfield code="a">Title on spine: De motu cordis.</subfield>
    <subfield code="5">FTaSU</subfield>
  </datafield>
  <datafield tag="500" ind1=" " ind2=" ">
    <subfield code="a">Photoreprint ed.</subfield>
    <subfield code="5">FTaSU</subfield>
  </datafield>
  <datafield tag="500" ind1=" " ind2=" ">
    <subfield code="a">Accompanied by pamphlet, &quot;Notes from the editors&quot;.</subfield>
    <subfield code="5">FTaSU</subfield>
  </datafield>
</record>