

<record xmlns="http://www.loc.gov/MARC21/slim"
xmlns:xsi="http://www.w3.org/2001/XMLSchema-instance"
xsi:schemaLocation="http://www.loc.gov/MARC21/slim
http://www.loc.gov/standards/marcxml/schema/MARC21slim.xsd">
  <leader>00000cam  2200337ui 4500</leader>
  <controlfield tag="001">030282171</controlfield>
  <datafield tag="245" ind1="1" ind2="3">
    <subfield code="a">An inquiry into the causes and effects of the variolae vaccinae :</subfield>
    <subfield code="b">a disease discovered in some of the western counties of England, particularly Gloucestershire, and known by the name of the cow pox /</subfield>
    <subfield code="c">by Edward Jenner.</subfield>
  </datafield>
  <datafield tag="500" ind1=" " ind2=" ">
    <subfield code="a">&quot;Privately printed for the members of the Classics of Medicine Library.&quot;</subfield>
    <subfield code="5">FTaSU</subfield>
  </datafield>
  <datafield tag="500" ind1=" " ind2=" ">
    <subfield code="a">Reprint of the 1798 ed. printed for the author by S. Low, London.</subfield>
    <subfield code="5">FTaSU</subfield>
  </datafield>
</record>