

<record xmlns="http://www.loc.gov/MARC21/slim"
xmlns:xsi="http://www.w3.org/2001/XMLSchema-instance"
xsi:schemaLocation="http://www.loc.gov/MARC21/slim
http://www.loc.gov/standards/marcxml/schema/MARC21slim.xsd">
  <leader>00000cam  2200385ui 4500</leader>
  <controlfield tag="001">030273692</controlfield>
  <datafield tag="245" ind1="1" ind2="0">
    <subfield code="a">Cellular pathology as based upon physiological and pathological history :</subfield>
    <subfield code="b">twenty lectures delivered in the Pathological Institute of Berlin during the months of February, March, and April, 1858 /</subfield>
    <subfield code="c">by Rudolf Virchow ; translated from the second edition of the original by Frank Chance.</subfield>
  </datafield>
  <datafield tag="500" ind1=" " ind2=" ">
    <subfield code="a">Translation of Die Cellularpathologie in ihrer Begründung auf physiologische und pathologische Gewebelehre.</subfield>
    <subfield code="5">FTaSU</subfield>
  </datafield>
  <datafield tag="500" ind1=" " ind2=" ">
    <subfield code="a">Reprint of the 1860 ed. published by J. Churchill, London.</subfield>
    <subfield code="5">FTaSU</subfield>
  </datafield>
  <datafield tag="500" ind1=" " ind2=" ">
    <subfield code="a">Accompanied by pamphlet: &quot;Notes from the editors&quot;. bound separately.</subfield>
    <subfield code="5">FTaSU</subfield>
  </datafield>
</record>