

<record xmlns="http://www.loc.gov/MARC21/slim"
xmlns:xsi="http://www.w3.org/2001/XMLSchema-instance"
xsi:schemaLocation="http://www.loc.gov/MARC21/slim
http://www.loc.gov/standards/marcxml/schema/MARC21slim.xsd">
  <leader>01886cas  2200493 a 4500</leader>
  <controlfield tag="001">028673901</controlfield>
  <datafield tag="245" ind1="1" ind2="4">
    <subfield code="a">The American journal of surgical pathology</subfield>
    <subfield code="h">[electronic resource].</subfield>
  </datafield>
  <datafield tag="500" ind1=" " ind2=" ">
    <subfield code="a">Latest issue consulted: Vol. 32, no. 5 (May 2008) (Ovid, viewed May 4, 2008).</subfield>
    <subfield code="5">FBoU</subfield>
  </datafield>
  <datafield tag="500" ind1=" " ind2=" ">
    <subfield code="a">Description based on: Vol. 20, no. 1 (Jan. 1996); title from journal home page (viewed Apr. 19, 2001).</subfield>
    <subfield code="5">FBoU</subfield>
  </datafield>
</record>