

<record xmlns="http://www.loc.gov/MARC21/slim"
xmlns:xsi="http://www.w3.org/2001/XMLSchema-instance"
xsi:schemaLocation="http://www.loc.gov/MARC21/slim
http://www.loc.gov/standards/marcxml/schema/MARC21slim.xsd">
  <leader>02237cas a2200637 a 4500</leader>
  <controlfield tag="001">021613198</controlfield>
  <datafield tag="245" ind1="1" ind2="0">
    <subfield code="a">American journal of roentgenology</subfield>
    <subfield code="h">[electronic resource] :</subfield>
    <subfield code="b">AJR.</subfield>
  </datafield>
  <datafield tag="500" ind1=" " ind2=" ">
    <subfield code="a">Description based on: Vol. 181, issue 2 (Aug. 2003); title from HTML header (viewed Sept. 4, 2003).</subfield>
    <subfield code="5">FBoU</subfield>
    <subfield code="5">FTS</subfield>
  </datafield>
  <datafield tag="500" ind1=" " ind2=" ">
    <subfield code="a">Description based on: Vol. 95, issue 1 (Sept. 1965); title from journal homepage (viewed Mar. 18, 2008).</subfield>
    <subfield code="5">FPeU</subfield>
  </datafield>
  <datafield tag="500" ind1=" " ind2=" ">
    <subfield code="a">Ttle from HTML header (viewed March 15, 2004).</subfield>
  </datafield>
</record>