

<record xmlns="http://www.loc.gov/MARC21/slim"
xmlns:xsi="http://www.w3.org/2001/XMLSchema-instance"
xsi:schemaLocation="http://www.loc.gov/MARC21/slim
http://www.loc.gov/standards/marcxml/schema/MARC21slim.xsd">
  <leader>     cas  22006014a 4500</leader>
  <controlfield tag="001">020882911</controlfield>
  <datafield tag="245" ind1="1" ind2="4">
    <subfield code="a">The American journal of sports medicine</subfield>
    <subfield code="h">[electronic resource].</subfield>
  </datafield>
  <datafield tag="500" ind1=" " ind2=" ">
    <subfield code="a">Published with the assistance of HighWire Press, Internet imprint of the Stanford University Libraries.</subfield>
    <subfield code="5">FTaSU</subfield>
    <subfield code="5">FU</subfield>
    <subfield code="5">FBoU</subfield>
    <subfield code="5">FOFT</subfield>
  </datafield>
  <datafield tag="500" ind1=" " ind2=" ">
    <subfield code="a">Title and description from journal website (viewed Dec. 8, 2005).</subfield>
    <subfield code="5">FTaSU</subfield>
  </datafield>
  <datafield tag="500" ind1=" " ind2=" ">
    <subfield code="a">Issues for: Jan./Feb. 1976- &lt;Nov. 1997&gt; have abstracts only.</subfield>
    <subfield code="5">FU</subfield>
    <subfield code="5">FBoU</subfield>
  </datafield>
  <datafield tag="500" ind1=" " ind2=" ">
    <subfield code="a">Description based on: Vol. 26, issue 1 (Jan./Feb. 1998); title from banner GIF (publisher&apos;s website, viewed Sept. 2, 2004).</subfield>
    <subfield code="5">FU</subfield>
    <subfield code="5">FBoU</subfield>
  </datafield>
  <datafield tag="500" ind1=" " ind2=" ">
    <subfield code="a">Latest issue consulted: Vol. 32, issue 6 (Sept. 2004) (publisher&apos;s website, viewed Sept. 2, 2004).</subfield>
    <subfield code="5">FU</subfield>
    <subfield code="5">FBoU</subfield>
  </datafield>
  <datafield tag="500" ind1=" " ind2=" ">
    <subfield code="a">Description based on: Vol. 26, no. 1 (Jan. 1998); title from Publication Overview screen (Highwire, viewed Dec. 5, 2008).</subfield>
    <subfield code="5">FOFT</subfield>
  </datafield>
</record>