

<record xmlns="http://www.loc.gov/MARC21/slim"
xmlns:xsi="http://www.w3.org/2001/XMLSchema-instance"
xsi:schemaLocation="http://www.loc.gov/MARC21/slim
http://www.loc.gov/standards/marcxml/schema/MARC21slim.xsd">
  <leader>02336cas a2200589 a 4500</leader>
  <controlfield tag="001">027574044</controlfield>
  <datafield tag="245" ind1="1" ind2="0">
    <subfield code="a">MCN, the American journal of maternal child nursing</subfield>
    <subfield code="h">[electronic resource].</subfield>
  </datafield>
  <datafield tag="500" ind1=" " ind2=" ">
    <subfield code="a">Title from journal home page (publisher&apos;s Web site, viewed Aug. 4, 2008).</subfield>
  </datafield>
  <datafield tag="500" ind1=" " ind2=" ">
    <subfield code="a">Published: Philadelphia, PA : Lippincott Williams &amp; Wilkins, 2002-</subfield>
    <subfield code="5">FTS</subfield>
  </datafield>
  <datafield tag="500" ind1=" " ind2=" ">
    <subfield code="a">Pubished: Philadelphia, PA : Lippincott Williams &amp; Wilkins, 2002-</subfield>
    <subfield code="5">FU</subfield>
  </datafield>
</record>