

<record xmlns="http://www.loc.gov/MARC21/slim"
xmlns:xsi="http://www.w3.org/2001/XMLSchema-instance"
xsi:schemaLocation="http://www.loc.gov/MARC21/slim
http://www.loc.gov/standards/marcxml/schema/MARC21slim.xsd">
  <leader>00000nas  2200325u  4500</leader>
  <controlfield tag="001">021236205</controlfield>
  <datafield tag="245" ind1="1" ind2="0">
    <subfield code="a">Medical education :</subfield>
    <subfield code="p">supplement</subfield>
    <subfield code="h">[electronic resource].</subfield>
  </datafield>
  <datafield tag="500" ind1=" " ind2=" ">
    <subfield code="a">Full text coverage:v.31 (Suppl.1) 1997-</subfield>
    <subfield code="5">FTaSU</subfield>
  </datafield>
  <datafield tag="500" ind1=" " ind2=" ">
    <subfield code="a">Title from the screen (viewed Nov.19, 2001)</subfield>
    <subfield code="5">FTaSU</subfield>
  </datafield>
</record>