

<record xmlns="http://www.loc.gov/MARC21/slim"
xmlns:xsi="http://www.w3.org/2001/XMLSchema-instance"
xsi:schemaLocation="http://www.loc.gov/MARC21/slim
http://www.loc.gov/standards/marcxml/schema/MARC21slim.xsd">
  <leader>02304cas  2200517 a 4500</leader>
  <controlfield tag="001">020703644</controlfield>
  <datafield tag="245" ind1="1" ind2="0">
    <subfield code="a">Medical education</subfield>
    <subfield code="h">[electronic resource].</subfield>
  </datafield>
  <datafield tag="500" ind1=" " ind2=" ">
    <subfield code="a">Available through: Synergy.</subfield>
    <subfield code="5">FBoU</subfield>
    <subfield code="5">FTaSU</subfield>
  </datafield>
  <datafield tag="500" ind1=" " ind2=" ">
    <subfield code="a">&quot;Published on behalf of the Association for the Study of Medical Education.&quot;</subfield>
    <subfield code="5">FMFIU</subfield>
  </datafield>
  <datafield tag="500" ind1=" " ind2=" ">
    <subfield code="a">&quot;Published for the Association for the Study of Medical Education.&quot;</subfield>
    <subfield code="5">FTaSU</subfield>
    <subfield code="5">FPeU</subfield>
    <subfield code="5">FBoU</subfield>
    <subfield code="5">FTS</subfield>
    <subfield code="5">FOFT</subfield>
  </datafield>
  <datafield tag="500" ind1=" " ind2=" ">
    <subfield code="a">Description based on: Vol. 33, issue 1 (Jan. 1999); title from table of contents page (viewed on Oct. 20, 2000).</subfield>
    <subfield code="5">FBoU</subfield>
    <subfield code="5">FTS</subfield>
  </datafield>
  <datafield tag="500" ind1=" " ind2=" ">
    <subfield code="a">Description based on: Vol. 33, issue 1 (Jan. 1999); title from table of contents page (viewed Oct. 20, 2000).</subfield>
    <subfield code="5">FPeU</subfield>
    <subfield code="5">FTaSU</subfield>
  </datafield>
  <datafield tag="500" ind1=" " ind2=" ">
    <subfield code="a">Description based on: Vol. 32, issue 1 (Jan. 1998); title from issue&apos;s contents screen (viewed Aug. 21, 2002).</subfield>
    <subfield code="5">FMFIU</subfield>
  </datafield>
  <datafield tag="500" ind1=" " ind2=" ">
    <subfield code="a">Title from homepage (viewed Sep. 2, 2003).</subfield>
    <subfield code="5">FTaSU</subfield>
  </datafield>
</record>