

<record xmlns="http://www.loc.gov/MARC21/slim"
xmlns:xsi="http://www.w3.org/2001/XMLSchema-instance"
xsi:schemaLocation="http://www.loc.gov/MARC21/slim
http://www.loc.gov/standards/marcxml/schema/MARC21slim.xsd">
  <leader>     cas  2200553Ia 4500</leader>
  <controlfield tag="001">020457956</controlfield>
  <datafield tag="245" ind1="1" ind2="0">
    <subfield code="a">Journal of antimicrobial chemotherapy</subfield>
    <subfield code="h">[electronic resource].</subfield>
  </datafield>
  <datafield tag="500" ind1=" " ind2=" ">
    <subfield code="a">Title from title screen (viewed Aug. 20, 1998).</subfield>
    <subfield code="5">FPeU</subfield>
  </datafield>
  <datafield tag="500" ind1=" " ind2=" ">
    <subfield code="a">Title from title screen.</subfield>
    <subfield code="5">FBoU</subfield>
  </datafield>
  <datafield tag="500" ind1=" " ind2=" ">
    <subfield code="a">Description based on: Vol. 39, no. 1 (1997); title from title screen (viewed Aug. 27, 2001).</subfield>
    <subfield code="5">FOFT</subfield>
  </datafield>
</record>