

<record xmlns="http://www.loc.gov/MARC21/slim"
xmlns:xsi="http://www.w3.org/2001/XMLSchema-instance"
xsi:schemaLocation="http://www.loc.gov/MARC21/slim
http://www.loc.gov/standards/marcxml/schema/MARC21slim.xsd">
  <leader>03423cas a2200781 a 4500</leader>
  <controlfield tag="001">020631306</controlfield>
  <datafield tag="245" ind1="1" ind2="0">
    <subfield code="a">Journal of medical ethics</subfield>
    <subfield code="h">[electronic resource].</subfield>
  </datafield>
  <datafield tag="500" ind1=" " ind2=" ">
    <subfield code="a">Publisher varies.</subfield>
  </datafield>
  <datafield tag="500" ind1=" " ind2=" ">
    <subfield code="a">Title from journal homepage (HighWire, viewed Apr. 1, 2008).</subfield>
    <subfield code="5">FPeU</subfield>
  </datafield>
  <datafield tag="500" ind1=" " ind2=" ">
    <subfield code="a">Description based on: Vol. 19, no. 3 (Sept. 1993). Title from title screen (viewed Feb. 21, 2003).</subfield>
    <subfield code="5">FOFT</subfield>
  </datafield>
  <datafield tag="500" ind1=" " ind2=" ">
    <subfield code="a">Published: BMJ Publishing Group, &lt;2004-&gt;</subfield>
    <subfield code="5">FTaSU</subfield>
    <subfield code="5">FPeU</subfield>
  </datafield>
  <datafield tag="500" ind1=" " ind2=" ">
    <subfield code="a">Published: BMJ Publishing Group, &lt;2004-&gt;</subfield>
    <subfield code="5">FTaSU</subfield>
    <subfield code="5">FPeU</subfield>
  </datafield>
  <datafield tag="500" ind1=" " ind2=" ">
    <subfield code="a">Title from BMJ&apos;s title page (viewed Aug. 22, 2003).</subfield>
    <subfield code="5">FTaSU</subfield>
  </datafield>
  <datafield tag="500" ind1=" " ind2=" ">
    <subfield code="a">Description based on: Vol. 21, issue 1 (Feb. 1995); title from available issues screen (viewed May 8, 1998).</subfield>
    <subfield code="5">FTS</subfield>
  </datafield>
</record>