

<record xmlns="http://www.loc.gov/MARC21/slim"
xmlns:xsi="http://www.w3.org/2001/XMLSchema-instance"
xsi:schemaLocation="http://www.loc.gov/MARC21/slim
http://www.loc.gov/standards/marcxml/schema/MARC21slim.xsd">
  <leader>02369cas a2200625 a 4500</leader>
  <controlfield tag="001">026535431</controlfield>
  <datafield tag="245" ind1="1" ind2="0">
    <subfield code="a">Urology</subfield>
    <subfield code="h">[electronic resource].</subfield>
  </datafield>
  <datafield tag="500" ind1=" " ind2=" ">
    <subfield code="a">Title from general information screen (viewed May 2, 2007).</subfield>
    <subfield code="5">FTaSU</subfield>
  </datafield>
  <datafield tag="500" ind1=" " ind2=" ">
    <subfield code="a">Description based on: Vol. 45, no. 3 (Mar. 1995); title from journal homepage screen (ScienceDirect, viewed Feb. 22, 2001).</subfield>
    <subfield code="5">FOFT</subfield>
  </datafield>
</record>