

<record xmlns="http://www.loc.gov/MARC21/slim"
xmlns:xsi="http://www.w3.org/2001/XMLSchema-instance"
xsi:schemaLocation="http://www.loc.gov/MARC21/slim
http://www.loc.gov/standards/marcxml/schema/MARC21slim.xsd">
  <leader>01991cas  2200541   4500</leader>
  <controlfield tag="001">023312194</controlfield>
  <datafield tag="245" ind1="0" ind2="0">
    <subfield code="a">Critical care medicine.</subfield>
  </datafield>
  <datafield tag="500" ind1=" " ind2=" ">
    <subfield code="a">&quot;Official journal of the Society of Critical Care Medicine.&quot;</subfield>
    <subfield code="5">FFmFGC</subfield>
    <subfield code="5">FOFT</subfield>
    <subfield code="5">FU</subfield>
    <subfield code="5">FTS</subfield>
  </datafield>
  <datafield tag="590" ind1=" " ind2=" ">
    <subfield code="a">Medicine</subfield>
    <subfield code="5">FTS</subfield>
  </datafield>
</record>