

<record xmlns="http://www.loc.gov/MARC21/slim"
xmlns:xsi="http://www.w3.org/2001/XMLSchema-instance"
xsi:schemaLocation="http://www.loc.gov/MARC21/slim
http://www.loc.gov/standards/marcxml/schema/MARC21slim.xsd">
  <leader>02628cas a2200649 a 4500</leader>
  <controlfield tag="001">021166786</controlfield>
  <datafield tag="245" ind1="1" ind2="0">
    <subfield code="a">Antimicrobial agents and chemotherapy</subfield>
    <subfield code="h">[electronic resource] :</subfield>
    <subfield code="b">AAC.</subfield>
  </datafield>
  <datafield tag="500" ind1=" " ind2=" ">
    <subfield code="a">Description based on: Vol. 42, issue 6 (June 1998); title from title screen (viewed Sept. 10, 1998).</subfield>
    <subfield code="5">FTS</subfield>
    <subfield code="5">FU</subfield>
  </datafield>
  <datafield tag="500" ind1=" " ind2=" ">
    <subfield code="a">Description based on: Vol. 42, issue 6 (June 1998); title from title screen (viewed Sept. 10, 1998).</subfield>
    <subfield code="5">FTS</subfield>
    <subfield code="5">FU</subfield>
  </datafield>
  <datafield tag="500" ind1=" " ind2=" ">
    <subfield code="a">Description based on: Vol. 39, issue 1 (Jan. 1995); title from issue contents screen (American Society of Microbiology website, viewed Apr. 1, 2004).</subfield>
    <subfield code="5">FOFT</subfield>
  </datafield>
  <datafield tag="500" ind1=" " ind2=" ">
    <subfield code="a">Title from issue contents screen (PubMed Central, viewed Jan. 7, 2004).</subfield>
    <subfield code="5">FPeU</subfield>
  </datafield>
  <datafield tag="500" ind1=" " ind2=" ">
    <subfield code="a">Latest issue consulted: Vol. 48, no. 4 (Apr. 2004).</subfield>
    <subfield code="5">FOFT</subfield>
  </datafield>
</record>