

<record xmlns="http://www.loc.gov/MARC21/slim"
xmlns:xsi="http://www.w3.org/2001/XMLSchema-instance"
xsi:schemaLocation="http://www.loc.gov/MARC21/slim
http://www.loc.gov/standards/marcxml/schema/MARC21slim.xsd">
  <leader>02749cas a2200625 a 4500</leader>
  <controlfield tag="001">027869424</controlfield>
  <datafield tag="245" ind1="1" ind2="0">
    <subfield code="a">Kidney international</subfield>
    <subfield code="h">[electronic resource].</subfield>
  </datafield>
  <datafield tag="500" ind1=" " ind2=" ">
    <subfield code="a">Description based on: Vol. 53, no. 1 (1998); title from title screen (viewed July 9, 2001).</subfield>
    <subfield code="5">FOFT</subfield>
  </datafield>
  <datafield tag="500" ind1=" " ind2=" ">
    <subfield code="a">Description based on: Vol. 53, issue 1 (Jan. 1998); title from title screen (viewed Jan. 7, 1998).</subfield>
    <subfield code="5">FU</subfield>
  </datafield>
</record>