

<record xmlns="http://www.loc.gov/MARC21/slim"
xmlns:xsi="http://www.w3.org/2001/XMLSchema-instance"
xsi:schemaLocation="http://www.loc.gov/MARC21/slim
http://www.loc.gov/standards/marcxml/schema/MARC21slim.xsd">
  <leader>00000nas  2200421u  4500</leader>
  <controlfield tag="001">021109818</controlfield>
  <datafield tag="245" ind1="0" ind2="0">
    <subfield code="a">Rehabilitation psychology</subfield>
    <subfield code="h">[electronic resource].</subfield>
  </datafield>
  <datafield tag="500" ind1=" " ind2=" ">
    <subfield code="a">Full text coverage :v.40(4) (winter, 1995)-</subfield>
    <subfield code="5">FTaSU</subfield>
  </datafield>
  <datafield tag="500" ind1=" " ind2=" ">
    <subfield code="a">Title fom the screen (viewed Oct. 20, 2003).</subfield>
    <subfield code="5">FTaSU</subfield>
  </datafield>
</record>