

<record xmlns="http://www.loc.gov/MARC21/slim"
xmlns:xsi="http://www.w3.org/2001/XMLSchema-instance"
xsi:schemaLocation="http://www.loc.gov/MARC21/slim
http://www.loc.gov/standards/marcxml/schema/MARC21slim.xsd">
  <leader>00000cam  2200277u  4500</leader>
  <controlfield tag="001">022631568</controlfield>
  <datafield tag="245" ind1="0" ind2="0">
    <subfield code="a">Scope® monograph on human mycoses;</subfield>
    <subfield code="b">a visual outline of the characteristics of the dermatophytes and the deep mycoses, including the taxonomy of the various fungi involved.</subfield>
  </datafield>
</record>