

<record xmlns="http://www.loc.gov/MARC21/slim"
xmlns:xsi="http://www.w3.org/2001/XMLSchema-instance"
xsi:schemaLocation="http://www.loc.gov/MARC21/slim
http://www.loc.gov/standards/marcxml/schema/MARC21slim.xsd">
  <leader>     cas  22006014a 4500</leader>
  <controlfield tag="001">020601691</controlfield>
  <datafield tag="245" ind1="1" ind2="0">
    <subfield code="a">American journal of public health</subfield>
    <subfield code="h">[electronic resource].</subfield>
  </datafield>
  <datafield tag="500" ind1=" " ind2=" ">
    <subfield code="a">Title from journal contents list screen (EBSCOhost, viewed on Oct. 28, 2011).</subfield>
    <subfield code="5">FOFT</subfield>
  </datafield>
  <datafield tag="500" ind1=" " ind2=" ">
    <subfield code="a">Latest issue consulted: Vol. 92, issue 7 (July 2002).</subfield>
    <subfield code="5">FBoU</subfield>
  </datafield>
  <datafield tag="500" ind1=" " ind2=" ">
    <subfield code="a">Description based on: Vol. 61, issue 1 (Jan. 1971); title from banner (viewed July 24, 2002).</subfield>
    <subfield code="5">FBoU</subfield>
  </datafield>
  <datafield tag="500" ind1=" " ind2=" ">
    <subfield code="a">Publication assisted by Highwire Press.</subfield>
    <subfield code="5">FBoU</subfield>
  </datafield>
  <datafield tag="500" ind1=" " ind2=" ">
    <subfield code="a">Vols. 61-64 (1971-1974) consist of table of contents only; vols. 65-89 (1975-1999) consist of table of contents and abstracts only; vols. 90 (2000)- are full text.</subfield>
    <subfield code="5">FBoU</subfield>
  </datafield>
  <datafield tag="500" ind1=" " ind2=" ">
    <subfield code="a">Title from homepage (viewed July 31, 2003).</subfield>
    <subfield code="5">FTaSU</subfield>
  </datafield>
</record>