

<record xmlns="http://www.loc.gov/MARC21/slim"
xmlns:xsi="http://www.w3.org/2001/XMLSchema-instance"
xsi:schemaLocation="http://www.loc.gov/MARC21/slim
http://www.loc.gov/standards/marcxml/schema/MARC21slim.xsd">
  <leader>04075cas a2200865 a 4500</leader>
  <controlfield tag="001">022093817</controlfield>
  <datafield tag="245" ind1="1" ind2="0">
    <subfield code="a">Drugs</subfield>
    <subfield code="h">[electronic resource].</subfield>
  </datafield>
  <datafield tag="500" ind1=" " ind2=" ">
    <subfield code="a">Description based on: Vol. 55, no. 1 (Jan. 1998); title from Publication Overview screen (EBSCOhost, viewed Dec. 31, 2003).</subfield>
    <subfield code="5">FOFT</subfield>
  </datafield>
  <datafield tag="500" ind1=" " ind2=" ">
    <subfield code="a">Title from Ovid&apos;s title page (viewed aug. 12, 2003).</subfield>
    <subfield code="5">FTaSU</subfield>
  </datafield>
</record>