

<record xmlns="http://www.loc.gov/MARC21/slim"
xmlns:xsi="http://www.w3.org/2001/XMLSchema-instance"
xsi:schemaLocation="http://www.loc.gov/MARC21/slim
http://www.loc.gov/standards/marcxml/schema/MARC21slim.xsd">
  <leader>     cas  22005417a 4500</leader>
  <controlfield tag="001">022897112</controlfield>
  <datafield tag="245" ind1="1" ind2="4">
    <subfield code="a">The journal of allergy and clinical immunology</subfield>
    <subfield code="h">[electronic resource].</subfield>
  </datafield>
  <datafield tag="500" ind1=" " ind2=" ">
    <subfield code="a">Description based on: Vol. 93, no. 1 (Jan. 1994); title from contents screen (Publisher&apos;s website, viewed Dec. 4, 2000).</subfield>
    <subfield code="5">FU</subfield>
    <subfield code="5">FBoU</subfield>
  </datafield>
  <datafield tag="500" ind1=" " ind2=" ">
    <subfield code="a">Title from journal issues screen (viewed 14 Mar. 2005).</subfield>
    <subfield code="5">FTaSU</subfield>
  </datafield>
  <datafield tag="500" ind1=" " ind2=" ">
    <subfield code="a">Latest issue consulted: Vol. 116, issue 2 (Aug. 2005), viewed Sept. 7, 2005.</subfield>
  </datafield>
  <datafield tag="500" ind1=" " ind2=" ">
    <subfield code="a">Description based on: Vol. 9, no. 2 (winter 1993); title from journal archive screen (ScienceDirect, viewed Sept. 3, 2010).</subfield>
    <subfield code="5">FOFT</subfield>
  </datafield>
</record>