

<record xmlns="http://www.loc.gov/MARC21/slim"
xmlns:xsi="http://www.w3.org/2001/XMLSchema-instance"
xsi:schemaLocation="http://www.loc.gov/MARC21/slim
http://www.loc.gov/standards/marcxml/schema/MARC21slim.xsd">
  <leader>     cas  2200541Ia 4500</leader>
  <controlfield tag="001">027872042</controlfield>
  <datafield tag="245" ind1="1" ind2="0">
    <subfield code="a">Clinical genetics</subfield>
    <subfield code="h">[electronic resource].</subfield>
  </datafield>
  <datafield tag="500" ind1=" " ind2=" ">
    <subfield code="a">Description based on: Vol. 55, no. 1 (Jan. 1999); title from title screen (viewed Oct. 28, 2003).</subfield>
    <subfield code="5">FOFT</subfield>
  </datafield>
  <datafield tag="500" ind1=" " ind2=" ">
    <subfield code="a">Description based on: Vol. 51, no. 1 (1997); title from journal information screen.</subfield>
    <subfield code="5">FBoU</subfield>
  </datafield>
  <datafield tag="500" ind1=" " ind2=" ">
    <subfield code="a">Title from Ovid&apos;s title page (viewed aug. 7, 2003).</subfield>
    <subfield code="5">FTaSU</subfield>
  </datafield>
</record>