

<record xmlns="http://www.loc.gov/MARC21/slim"
xmlns:xsi="http://www.w3.org/2001/XMLSchema-instance"
xsi:schemaLocation="http://www.loc.gov/MARC21/slim
http://www.loc.gov/standards/marcxml/schema/MARC21slim.xsd">
  <leader>02413cas a2200649 a 4500</leader>
  <controlfield tag="001">021175261</controlfield>
  <datafield tag="245" ind1="1" ind2="0">
    <subfield code="a">Infection and immunity</subfield>
    <subfield code="h">[electronic resource] :</subfield>
    <subfield code="b">IAI.</subfield>
  </datafield>
  <datafield tag="500" ind1=" " ind2=" ">
    <subfield code="a">Description based on: Vol. 66, issue 1 (Jan. 1998); title from contents screen (viewed Mar. 9, 2001).</subfield>
    <subfield code="5">FBoU</subfield>
    <subfield code="5">FTS</subfield>
    <subfield code="5">FU</subfield>
  </datafield>
  <datafield tag="500" ind1=" " ind2=" ">
    <subfield code="a">Description based on: Vol. 66, issue 1 (Jan. 1998); title from contents screen (viewed Mar. 9, 2001).</subfield>
    <subfield code="5">FBoU</subfield>
    <subfield code="5">FTS</subfield>
    <subfield code="5">FU</subfield>
  </datafield>
  <datafield tag="500" ind1=" " ind2=" ">
    <subfield code="a">Title from journal homepage screen (American Society for Microbiology, viewed on July 21, 2009).</subfield>
    <subfield code="5">FOFT</subfield>
  </datafield>
</record>