

<record xmlns="http://www.loc.gov/MARC21/slim"
xmlns:xsi="http://www.w3.org/2001/XMLSchema-instance"
xsi:schemaLocation="http://www.loc.gov/MARC21/slim
http://www.loc.gov/standards/marcxml/schema/MARC21slim.xsd">
  <leader>01955cas  22004577a 4500</leader>
  <controlfield tag="001">020925717</controlfield>
  <datafield tag="245" ind1="1" ind2="0">
    <subfield code="a">Orthopedic clinics of North America</subfield>
    <subfield code="h">[electronic resource].</subfield>
  </datafield>
  <datafield tag="500" ind1=" " ind2=" ">
    <subfield code="a">Publisher: Elsevier Health Sciences Division, &lt;2005-&gt;</subfield>
    <subfield code="5">FTaSU</subfield>
    <subfield code="5">FBoU</subfield>
  </datafield>
  <datafield tag="500" ind1=" " ind2=" ">
    <subfield code="a">Title from table of contents page (viewed Sep. 26, 2003).</subfield>
    <subfield code="5">FTaSU</subfield>
  </datafield>
  <datafield tag="500" ind1=" " ind2=" ">
    <subfield code="a">Description based on: Vol. 36, issue 4 (Oct. 2005); title from table of contents page (Elsevier&apos;s TheClinics website, viewed Sept. 23, 2005).</subfield>
    <subfield code="5">FBoU</subfield>
  </datafield>
</record>