

<record xmlns="http://www.loc.gov/MARC21/slim"
xmlns:xsi="http://www.w3.org/2001/XMLSchema-instance"
xsi:schemaLocation="http://www.loc.gov/MARC21/slim
http://www.loc.gov/standards/marcxml/schema/MARC21slim.xsd">
  <leader>02585cas a2200625 a 4500</leader>
  <controlfield tag="001">023136187</controlfield>
  <datafield tag="245" ind1="1" ind2="0">
    <subfield code="a">Psychological medicine</subfield>
    <subfield code="h">[electronic resource].</subfield>
  </datafield>
  <datafield tag="500" ind1=" " ind2=" ">
    <subfield code="a">Description based on: Vol. 25, no. 1 (Jan. 1995); title from OVID available issues screen (viewed Nov. 3, 2000).</subfield>
    <subfield code="5">FTS</subfield>
  </datafield>
  <datafield tag="500" ind1=" " ind2=" ">
    <subfield code="a">Description based on: Vol. 27, no. 1 (1997); title from journal homepage screen (Cambridge, viewed Nov. 3, 2005).</subfield>
    <subfield code="5">FOFT</subfield>
  </datafield>
  <datafield tag="500" ind1=" " ind2=" ">
    <subfield code="a">Description based on: Vol. 29, no. 5 (1999); title from journal information screen (viewed Mar. 24, 2000).</subfield>
    <subfield code="5">FPeU</subfield>
    <subfield code="5">FBoU</subfield>
  </datafield>
</record>