

<record xmlns="http://www.loc.gov/MARC21/slim"
xmlns:xsi="http://www.w3.org/2001/XMLSchema-instance"
xsi:schemaLocation="http://www.loc.gov/MARC21/slim
http://www.loc.gov/standards/marcxml/schema/MARC21slim.xsd">
  <leader>     cas  2200397 a 4500</leader>
  <controlfield tag="001">020695462</controlfield>
  <datafield tag="245" ind1="0" ind2="0">
    <subfield code="a">Florida library directory with statistics for ...</subfield>
  </datafield>
  <datafield tag="500" ind1=" " ind2=" ">
    <subfield code="a">Title varies slightly.</subfield>
    <subfield code="5">FPeU</subfield>
    <subfield code="5">FJUNF</subfield>
  </datafield>
  <datafield tag="500" ind1=" " ind2=" ">
    <subfield code="a">Description based on: 1984.</subfield>
    <subfield code="5">FFmFGC</subfield>
    <subfield code="5">FOFT</subfield>
    <subfield code="5">FMFIU</subfield>
    <subfield code="5">FJUNF</subfield>
    <subfield code="5">FU</subfield>
    <subfield code="5">FBoU</subfield>
  </datafield>
  <datafield tag="500" ind1=" " ind2=" ">
    <subfield code="a">Description based on: 1979.</subfield>
    <subfield code="5">FPeU</subfield>
  </datafield>
</record>