

<record xmlns="http://www.loc.gov/MARC21/slim"
xmlns:xsi="http://www.w3.org/2001/XMLSchema-instance"
xsi:schemaLocation="http://www.loc.gov/MARC21/slim
http://www.loc.gov/standards/marcxml/schema/MARC21slim.xsd">
  <leader>02578cas a2200625 a 4500</leader>
  <controlfield tag="001">024604876</controlfield>
  <datafield tag="245" ind1="1" ind2="0">
    <subfield code="a">American medical news</subfield>
    <subfield code="h">[electronic resource].</subfield>
  </datafield>
  <datafield tag="500" ind1=" " ind2=" ">
    <subfield code="a">&quot;Presents essentially the full text of the print product, starting with the Jan. 3, 2000 issue. AMNews does not currently have electronic republication rights to certain syndicated news copy. Also not posted are brief summaries of press releases if the full text appears elsewhere on the AMA site or JAMA site ... The Web Edition also has fewer images than the print edition.&quot;</subfield>
  </datafield>
  <datafield tag="500" ind1=" " ind2=" ">
    <subfield code="a">Includes some articles from issues beginning with July 1995.</subfield>
  </datafield>
  <datafield tag="500" ind1=" " ind2=" ">
    <subfield code="a">Description and title from screen as viewed July 11, 2000.</subfield>
    <subfield code="5">FPeU</subfield>
  </datafield>
  <datafield tag="500" ind1=" " ind2=" ">
    <subfield code="a">Description based on: Jan. 3/10, 2000; title from journal home page (viewed Oct. 6, 2000).</subfield>
    <subfield code="5">FTS</subfield>
  </datafield>
  <datafield tag="500" ind1=" " ind2=" ">
    <subfield code="a">&quot;Presents essentially the full text of the print product, starting with the Jan. 3, 2000 issue. AMNews does not currently have electronic republication rights to certain syndicated news copy. Also not posted are brief summaries of press releases if the full text appears elsewhere on the AMA site or JAMA site ... The Web Edition also has fewer images than the print edition.&quot;</subfield>
    <subfield code="5">FTaSU</subfield>
    <subfield code="5">FTS</subfield>
  </datafield>
  <datafield tag="500" ind1=" " ind2=" ">
    <subfield code="a">&quot;Presents essentially the full text of the print product, starting with the Jan. 3, 2000 issue. AMNews does not currently have electronic republication rights to certain syndicated news copy. Also not posted are brief summaries of press releases if the full text appears elsewhere on the AMA site or JAMA site ... The Web Edition also has fewer images than the print edition.&quot;</subfield>
    <subfield code="5">FTaSU</subfield>
    <subfield code="5">FTS</subfield>
  </datafield>
  <datafield tag="500" ind1=" " ind2=" ">
    <subfield code="a">Includes some articles from issues beginning with July 1995.</subfield>
    <subfield code="5">FTaSU</subfield>
    <subfield code="5">FTS</subfield>
  </datafield>
  <datafield tag="500" ind1=" " ind2=" ">
    <subfield code="a">Includes some articles from issues beginning with July 1995.</subfield>
    <subfield code="5">FTaSU</subfield>
    <subfield code="5">FTS</subfield>
  </datafield>
  <datafield tag="500" ind1=" " ind2=" ">
    <subfield code="a">Title from journal home page (viewed Oct. 5, 2011).</subfield>
    <subfield code="5">FTaSU</subfield>
  </datafield>
  <datafield tag="500" ind1=" " ind2=" ">
    <subfield code="a">Latest issue consulted: Aug. 23/30, 2004 (viewed journal&apos;s home page Aug. 20, 2004).</subfield>
    <subfield code="5">FTS</subfield>
  </datafield>
</record>