

<record xmlns="http://www.loc.gov/MARC21/slim"
xmlns:xsi="http://www.w3.org/2001/XMLSchema-instance"
xsi:schemaLocation="http://www.loc.gov/MARC21/slim
http://www.loc.gov/standards/marcxml/schema/MARC21slim.xsd">
  <leader>     nam a22     4a 4500</leader>
  <controlfield tag="001">027798119</controlfield>
  <datafield tag="245" ind1="1" ind2="0">
    <subfield code="a">Physicians&apos; desk reference to pharmaceutical specialties and biologicals.</subfield>
  </datafield>
  <datafield tag="500" ind1=" " ind2=" ">
    <subfield code="a">Supplement A--1970 is attached.</subfield>
    <subfield code="5">FTaSU</subfield>
  </datafield>
  <datafield tag="590" ind1=" " ind2=" ">
    <subfield code="a">Handwritten &quot;Property of Charlotte Maguire MD&quot; inside the front cover.</subfield>
    <subfield code="5">FTaSU</subfield>
  </datafield>
  <datafield tag="590" ind1=" " ind2=" ">
    <subfield code="a">Ephermera: pamphlet/advertisement for 8 Essential Books.</subfield>
    <subfield code="5">FTaSU</subfield>
  </datafield>
  <datafield tag="590" ind1=" " ind2=" ">
    <subfield code="a">Donated by Dr. Charlotte Maguire.</subfield>
    <subfield code="5">FTaSU</subfield>
  </datafield>
  <datafield tag="590" ind1=" " ind2=" ">
    <subfield code="a">Dr. Maguire’s personal papers in Special Collections, FSU Libraries.</subfield>
    <subfield code="5">FTaSU</subfield>
  </datafield>
</record>