

<record xmlns="http://www.loc.gov/MARC21/slim"
xmlns:xsi="http://www.w3.org/2001/XMLSchema-instance"
xsi:schemaLocation="http://www.loc.gov/MARC21/slim
http://www.loc.gov/standards/marcxml/schema/MARC21slim.xsd">
  <leader>     cam  22003974  4500</leader>
  <controlfield tag="001">027804043</controlfield>
  <datafield tag="245" ind1="1" ind2="2">
    <subfield code="a">A neurological study of newborn infants</subfield>
    <subfield code="c">[by] David J. Beintema; preface by Heinz F. R. Prechtl.</subfield>
  </datafield>
  <datafield tag="500" ind1=" " ind2=" ">
    <subfield code="a">Author&apos;s thesis, University of Groningen.</subfield>
    <subfield code="5">FTaSU</subfield>
  </datafield>
</record>