

<record xmlns="http://www.loc.gov/MARC21/slim"
xmlns:xsi="http://www.w3.org/2001/XMLSchema-instance"
xsi:schemaLocation="http://www.loc.gov/MARC21/slim
http://www.loc.gov/standards/marcxml/schema/MARC21slim.xsd">
  <leader>     nas a22      a 4500</leader>
  <controlfield tag="001">028124768</controlfield>
  <datafield tag="245" ind1="1" ind2="0">
    <subfield code="a">British journal of pharmacology</subfield>
    <subfield code="h">[electronic resource].</subfield>
  </datafield>
  <datafield tag="500" ind1=" " ind2=" ">
    <subfield code="a">Full ext coverage :v.120(1) (Dec.1996)-</subfield>
    <subfield code="5">FTaSU</subfield>
  </datafield>
  <datafield tag="500" ind1=" " ind2=" ">
    <subfield code="a">Title from Wiley&apos; s journal site (viewed July 19,2010).</subfield>
    <subfield code="5">FTaSU</subfield>
  </datafield>
</record>