

<record xmlns="http://www.loc.gov/MARC21/slim"
xmlns:xsi="http://www.w3.org/2001/XMLSchema-instance"
xsi:schemaLocation="http://www.loc.gov/MARC21/slim
http://www.loc.gov/standards/marcxml/schema/MARC21slim.xsd">
  <leader>     nam  22     uu 4500</leader>
  <controlfield tag="001">027073731</controlfield>
  <datafield tag="245" ind1="1" ind2="0">
    <subfield code="a">Atlas of tumor pathology; :</subfield>
    <subfield code="b">prepared at the Armed Forces Institute of Pathology under the auspices of the Subcommittee on Oncology of the Committee on Pathologyof the National Research Council.</subfield>
  </datafield>
  <datafield tag="500" ind1=" " ind2=" ">
    <subfield code="a">Index prepared as Section 11, fascicle 39, in 1968 by the Williams &amp; Wilkins Company, edited by H.I. Firminger, under the auspices of Universities Associated for Research and Education in Pathology.</subfield>
    <subfield code="5">FTaSU</subfield>
  </datafield>
</record>