

<record xmlns="http://www.loc.gov/MARC21/slim"
xmlns:xsi="http://www.w3.org/2001/XMLSchema-instance"
xsi:schemaLocation="http://www.loc.gov/MARC21/slim
http://www.loc.gov/standards/marcxml/schema/MARC21slim.xsd">
  <leader>     cam  22004814  4500</leader>
  <controlfield tag="001">027803984</controlfield>
  <datafield tag="245" ind1="0" ind2="0">
    <subfield code="a">Studies in infancy,</subfield>
    <subfield code="b">based on a study group held at Oxford, September 1966;</subfield>
    <subfield code="c">edited by Ronald MacKeith [and] Martin Bax. authors, Yoshio Akiyama ... [et al.].</subfield>
  </datafield>
</record>