

<record xmlns="http://www.loc.gov/MARC21/slim"
xmlns:xsi="http://www.w3.org/2001/XMLSchema-instance"
xsi:schemaLocation="http://www.loc.gov/MARC21/slim
http://www.loc.gov/standards/marcxml/schema/MARC21slim.xsd">
  <leader>     cam  22003614  4500</leader>
  <controlfield tag="001">027803943</controlfield>
  <datafield tag="245" ind1="1" ind2="0">
    <subfield code="a">Cerebral palsy:</subfield>
    <subfield code="b">a clinical and neuropathological study,</subfield>
    <subfield code="c">by Erna Christensen and Johannes C. Melchior; foreword Roy Spector.</subfield>
  </datafield>
</record>