

<record xmlns="http://www.loc.gov/MARC21/slim"
xmlns:xsi="http://www.w3.org/2001/XMLSchema-instance"
xsi:schemaLocation="http://www.loc.gov/MARC21/slim
http://www.loc.gov/standards/marcxml/schema/MARC21slim.xsd">
  <leader>01925cas  2200529 a 4500</leader>
  <controlfield tag="001">021189202</controlfield>
  <datafield tag="245" ind1="1" ind2="0">
    <subfield code="a">Journal of virology</subfield>
    <subfield code="h">[electronic resource] :</subfield>
    <subfield code="b">JVI.</subfield>
  </datafield>
  <datafield tag="500" ind1=" " ind2=" ">
    <subfield code="a">Title from journal homepage screen (American Society for Microbiology, viewed on July 21, 2009).</subfield>
    <subfield code="5">FOFT</subfield>
  </datafield>
  <datafield tag="500" ind1=" " ind2=" ">
    <subfield code="a">Description based on: Apr. 1998; title from journal information screen.</subfield>
    <subfield code="5">FTaSU</subfield>
    <subfield code="5">FTS</subfield>
    <subfield code="5">FU</subfield>
  </datafield>
  <datafield tag="500" ind1=" " ind2=" ">
    <subfield code="a">Description based on: Vol. 72, issue 4 (Apr. 1998); title from issue table of contents screen (publisher&apos;s website, viewed Nov. 26, 2003).</subfield>
    <subfield code="5">FBoU</subfield>
  </datafield>
  <datafield tag="500" ind1=" " ind2=" ">
    <subfield code="a">Latest issue consulted: Vol. 77, issue 24 (Dec. 2003) (viewed Nov. 26, 2003).</subfield>
    <subfield code="5">FBoU</subfield>
  </datafield>
  <datafield tag="500" ind1=" " ind2=" ">
    <subfield code="a">Full text coverage:v.69(1) (Jan. 1995)-</subfield>
    <subfield code="5">FTaSU</subfield>
  </datafield>
</record>