

<record xmlns="http://www.loc.gov/MARC21/slim"
xmlns:xsi="http://www.w3.org/2001/XMLSchema-instance"
xsi:schemaLocation="http://www.loc.gov/MARC21/slim
http://www.loc.gov/standards/marcxml/schema/MARC21slim.xsd">
  <leader>     cam  22004094  4500</leader>
  <controlfield tag="001">027797930</controlfield>
  <datafield tag="245" ind1="1" ind2="0">
    <subfield code="a">Handbook of orthopaedic surgery</subfield>
    <subfield code="c">[by] Alfred R. Shands, Jr. [and] R. Beverly Raney, Sr. With the collaboration of H. Robert Brashear.</subfield>
  </datafield>
  <datafield tag="590" ind1=" " ind2=" ">
    <subfield code="a">Handwritten dedication &quot;To Charlotte with best wishes and appreciation. July 31, 1967, Alfred Shands&quot; inside the front cover.</subfield>
    <subfield code="5">FTaSU</subfield>
  </datafield>
  <datafield tag="590" ind1=" " ind2=" ">
    <subfield code="a">Signed by one of the authors, Alfred R. Shands, Jr.</subfield>
    <subfield code="5">FTaSU</subfield>
  </datafield>
  <datafield tag="590" ind1=" " ind2=" ">
    <subfield code="a">Donated by Dr. Charlotte Maguire.</subfield>
    <subfield code="5">FTaSU</subfield>
  </datafield>
  <datafield tag="590" ind1=" " ind2=" ">
    <subfield code="a">Dr. Maguire’s personal papers in Special Collections, FSU Libraries.</subfield>
    <subfield code="5">FTaSU</subfield>
  </datafield>
</record>