

<record xmlns="http://www.loc.gov/MARC21/slim"
xmlns:xsi="http://www.w3.org/2001/XMLSchema-instance"
xsi:schemaLocation="http://www.loc.gov/MARC21/slim
http://www.loc.gov/standards/marcxml/schema/MARC21slim.xsd">
  <leader>     cas  2200841 a 4500</leader>
  <controlfield tag="001">020322929</controlfield>
  <datafield tag="245" ind1="0" ind2="0">
    <subfield code="a">Journal of health &amp; social behavior.</subfield>
  </datafield>
  <datafield tag="500" ind1=" " ind2=" ">
    <subfield code="a">Title from cover.</subfield>
  </datafield>
  <datafield tag="500" ind1=" " ind2=" ">
    <subfield code="a">Imprint varies: published 1982- in Washington, D.C.</subfield>
    <subfield code="5">FTaSU</subfield>
  </datafield>
  <datafield tag="500" ind1=" " ind2=" ">
    <subfield code="a">Published: Washington, D.C., 1982-</subfield>
    <subfield code="5">FFmFGC</subfield>
    <subfield code="5">FMFIU</subfield>
    <subfield code="5">FTaFA</subfield>
    <subfield code="5">FU</subfield>
  </datafield>
</record>