

<record xmlns="http://www.loc.gov/MARC21/slim"
xmlns:xsi="http://www.w3.org/2001/XMLSchema-instance"
xsi:schemaLocation="http://www.loc.gov/MARC21/slim
http://www.loc.gov/standards/marcxml/schema/MARC21slim.xsd">
  <leader>     cas  2200709 a 4500</leader>
  <controlfield tag="001">021311818</controlfield>
  <datafield tag="245" ind1="1" ind2="4">
    <subfield code="a">The lancet.</subfield>
  </datafield>
  <datafield tag="500" ind1=" " ind2=" ">
    <subfield code="a">Published: Baltimore, MD : Williams &amp; Wilkins, c1990- ; New York, NY : The Lancet Ltd., &lt;c1997-&gt;</subfield>
  </datafield>
  <datafield tag="500" ind1=" " ind2=" ">
    <subfield code="a">Title from caption.</subfield>
  </datafield>
  <datafield tag="500" ind1=" " ind2=" ">
    <subfield code="a">LC set includes scattered issues from the London edition.</subfield>
  </datafield>
  <datafield tag="500" ind1=" " ind2=" ">
    <subfield code="a">Title from caption.</subfield>
    <subfield code="5">FTS</subfield>
    <subfield code="5">FMFIU</subfield>
    <subfield code="5">FTaFA</subfield>
    <subfield code="5">FPeU</subfield>
    <subfield code="5">FU</subfield>
  </datafield>
  <datafield tag="500" ind1=" " ind2=" ">
    <subfield code="a">LC set includes scattered issues from the London edition.</subfield>
    <subfield code="5">FTaFA</subfield>
    <subfield code="5">FU</subfield>
  </datafield>
  <datafield tag="500" ind1=" " ind2=" ">
    <subfield code="a">Published: Baltimore, MD : Williams &amp; Wilkins, c1990- ; New York, NY : The Lancet Ltd., &lt;c1997-&gt;</subfield>
    <subfield code="5">FU</subfield>
  </datafield>
  <datafield tag="500" ind1=" " ind2=" ">
    <subfield code="a">Published: Baltimore, MD : Williams &amp; Wilkins, c1990-</subfield>
    <subfield code="5">FTS</subfield>
    <subfield code="5">FMFIU</subfield>
    <subfield code="5">FTaFA</subfield>
    <subfield code="5">FPeU</subfield>
  </datafield>
</record>