

<record xmlns="http://www.loc.gov/MARC21/slim"
xmlns:xsi="http://www.w3.org/2001/XMLSchema-instance"
xsi:schemaLocation="http://www.loc.gov/MARC21/slim
http://www.loc.gov/standards/marcxml/schema/MARC21slim.xsd">
  <leader>     cam  22003254  4500</leader>
  <controlfield tag="001">020823220</controlfield>
  <datafield tag="245" ind1="1" ind2="0">
    <subfield code="a">Medical aspects of mental retardation,</subfield>
    <subfield code="c">compiled and edited by Charles H. Carter.</subfield>
  </datafield>
  <datafield tag="590" ind1=" " ind2=" ">
    <subfield code="a">Handwritten inscription &quot;To one of the finest persons I know. CH Carter MD&quot; on back of the front end papers.</subfield>
    <subfield code="5">FTaSU</subfield>
  </datafield>
  <datafield tag="590" ind1=" " ind2=" ">
    <subfield code="a">Donated by Dr. Charlotte Maguire.</subfield>
    <subfield code="5">FTaSU</subfield>
  </datafield>
  <datafield tag="590" ind1=" " ind2=" ">
    <subfield code="a">Dr. Maguire&apos;s address sticker below the inscription.</subfield>
    <subfield code="5">FTaSU</subfield>
  </datafield>
  <datafield tag="590" ind1=" " ind2=" ">
    <subfield code="a">Dr. Maguire’s personal papers in Special Collections, FSU Libraries.</subfield>
    <subfield code="5">FTaSU</subfield>
  </datafield>
  <datafield tag="590" ind1=" " ind2=" ">
    <subfield code="a">rc/scr 1/86; tc3/jt 9/89</subfield>
    <subfield code="5">FU</subfield>
  </datafield>
  <datafield tag="590" ind1=" " ind2=" ">
    <subfield code="a">Copy 3 located in Teratology Collection donated by Mark V. Barrow.</subfield>
    <subfield code="5">FU</subfield>
  </datafield>
</record>