

<record xmlns="http://www.loc.gov/MARC21/slim"
xmlns:xsi="http://www.w3.org/2001/XMLSchema-instance"
xsi:schemaLocation="http://www.loc.gov/MARC21/slim
http://www.loc.gov/standards/marcxml/schema/MARC21slim.xsd">
  <leader>     cam  22003974  4500</leader>
  <controlfield tag="001">027802025</controlfield>
  <datafield tag="245" ind1="1" ind2="0">
    <subfield code="a">Gestational age, size and maturity:</subfield>
    <subfield code="b">a symposium on the causes and associations of prematurity, based on the proceedings of an international study group at St. Edmund Hall, Oxford, 1964;</subfield>
    <subfield code="c">edited by Michael Dawkins and W.G. MacGregor, with a preface by Peter Tizard.</subfield>
  </datafield>
  <datafield tag="590" ind1=" " ind2=" ">
    <subfield code="a">Donated by Dr. Charlotte Maguire.</subfield>
    <subfield code="5">FTaSU</subfield>
  </datafield>
  <datafield tag="590" ind1=" " ind2=" ">
    <subfield code="a">Dr. Maguire’s personal papers in Special Collections, FSU Libraries.</subfield>
    <subfield code="5">FTaSU</subfield>
  </datafield>
</record>