

<record xmlns="http://www.loc.gov/MARC21/slim"
xmlns:xsi="http://www.w3.org/2001/XMLSchema-instance"
xsi:schemaLocation="http://www.loc.gov/MARC21/slim
http://www.loc.gov/standards/marcxml/schema/MARC21slim.xsd">
  <leader>     cas  22007097a 4500</leader>
  <controlfield tag="001">020686918</controlfield>
  <datafield tag="245" ind1="1" ind2="0">
    <subfield code="a">Gastrointestinal endoscopy</subfield>
    <subfield code="h">[electronic resource].</subfield>
  </datafield>
  <datafield tag="500" ind1=" " ind2=" ">
    <subfield code="a">Description based on: Vol. 40, no. 1 (Jan./Feb. 1994); title from contents screen (viewed Dec. 4, 2000).</subfield>
    <subfield code="5">FBoU</subfield>
  </datafield>
</record>