

<record xmlns="http://www.loc.gov/MARC21/slim"
xmlns:xsi="http://www.w3.org/2001/XMLSchema-instance"
xsi:schemaLocation="http://www.loc.gov/MARC21/slim
http://www.loc.gov/standards/marcxml/schema/MARC21slim.xsd">
  <leader>     cam  22002534i 4500</leader>
  <controlfield tag="001">027798099</controlfield>
  <datafield tag="245" ind1="1" ind2="0">
    <subfield code="a">Medical Economics&apos; survey of pediatrics.</subfield>
  </datafield>
  <datafield tag="500" ind1=" " ind2=" ">
    <subfield code="a">Includes index.</subfield>
    <subfield code="5">FTaSU</subfield>
  </datafield>
  <datafield tag="590" ind1=" " ind2=" ">
    <subfield code="a">Donated by Dr. Charlotte Maguire.</subfield>
    <subfield code="5">FTaSU</subfield>
  </datafield>
  <datafield tag="590" ind1=" " ind2=" ">
    <subfield code="a">Dr. Maguire’s personal papers in Special Collections, FSU Libraries.</subfield>
    <subfield code="5">FTaSU</subfield>
  </datafield>
</record>