

<record xmlns="http://www.loc.gov/MARC21/slim"
xmlns:xsi="http://www.w3.org/2001/XMLSchema-instance"
xsi:schemaLocation="http://www.loc.gov/MARC21/slim
http://www.loc.gov/standards/marcxml/schema/MARC21slim.xsd">
  <leader>00000nas  2200289u  4500</leader>
  <controlfield tag="001">022561020</controlfield>
  <datafield tag="245" ind1="0" ind2="0">
    <subfield code="a">Advances in surgery.</subfield>
  </datafield>
  <datafield tag="500" ind1=" " ind2=" ">
    <subfield code="a">Editors:1965-C.E.Welch [et al.]</subfield>
    <subfield code="5">FTaSU</subfield>
  </datafield>
  <datafield tag="590" ind1=" " ind2=" ">
    <subfield code="a">Surgery</subfield>
    <subfield code="5">FTS</subfield>
  </datafield>
</record>