

<record xmlns="http://www.loc.gov/MARC21/slim"
xmlns:xsi="http://www.w3.org/2001/XMLSchema-instance"
xsi:schemaLocation="http://www.loc.gov/MARC21/slim
http://www.loc.gov/standards/marcxml/schema/MARC21slim.xsd">
  <leader>     cam  22003254  4500</leader>
  <controlfield tag="001">027801970</controlfield>
  <datafield tag="245" ind1="1" ind2="0">
    <subfield code="a">Drugs in cerebral palsy;</subfield>
    <subfield code="b">based on a symposium held at Dallas, 24-26 November, 1963. Authors: Eric Denhoff [et al.] Edited by Eric Denhoff.</subfield>
  </datafield>
  <datafield tag="590" ind1=" " ind2=" ">
    <subfield code="a">Donated by Dr. Charlotte Maguire.</subfield>
    <subfield code="5">FTaSU</subfield>
  </datafield>
  <datafield tag="590" ind1=" " ind2=" ">
    <subfield code="a">Dr. Maguire’s personal papers in Special Collections, FSU Libraries.</subfield>
    <subfield code="5">FTaSU</subfield>
  </datafield>
</record>