

<record xmlns="http://www.loc.gov/MARC21/slim"
xmlns:xsi="http://www.w3.org/2001/XMLSchema-instance"
xsi:schemaLocation="http://www.loc.gov/MARC21/slim
http://www.loc.gov/standards/marcxml/schema/MARC21slim.xsd">
  <leader>01876cas  2200541 a 4500</leader>
  <controlfield tag="001">020679260</controlfield>
  <datafield tag="245" ind1="1" ind2="0">
    <subfield code="a">Journal of medical genetics</subfield>
    <subfield code="h">[electronic resource] :</subfield>
    <subfield code="b">eJMG.</subfield>
  </datafield>
  <datafield tag="500" ind1=" " ind2=" ">
    <subfield code="a">Description based on: Vol. 2, no. 4 (Dec. 1964); title from journal home page (viewed July 24, 2000).</subfield>
    <subfield code="5">FPeU</subfield>
    <subfield code="5">FBoU</subfield>
  </datafield>
  <datafield tag="500" ind1=" " ind2=" ">
    <subfield code="a">Latest issue consulted: Vol 37, no. 7 (July 2000).</subfield>
    <subfield code="5">FBoU</subfield>
  </datafield>
  <datafield tag="500" ind1=" " ind2=" ">
    <subfield code="a">Title from BMJ&apos;s title page (viewed Dec. 2004).</subfield>
    <subfield code="5">FTaSU</subfield>
  </datafield>
  <datafield tag="500" ind1=" " ind2=" ">
    <subfield code="a">Ovid&apos;s full text coverage:v.32(1) (Jan. 1995)-43(4) (Apr 2006).</subfield>
    <subfield code="5">FTaSU</subfield>
  </datafield>
  <datafield tag="500" ind1=" " ind2=" ">
    <subfield code="a">BMJ&apos;s full text coverage:v.36(1) (Jan. 1999)-</subfield>
    <subfield code="5">FTaSU</subfield>
  </datafield>
  <datafield tag="500" ind1=" " ind2=" ">
    <subfield code="a">Description and title from journal information screen as viewed Apr. 21, 1999.</subfield>
    <subfield code="5">FTS</subfield>
  </datafield>
</record>