

<record xmlns="http://www.loc.gov/MARC21/slim"
xmlns:xsi="http://www.w3.org/2001/XMLSchema-instance"
xsi:schemaLocation="http://www.loc.gov/MARC21/slim
http://www.loc.gov/standards/marcxml/schema/MARC21slim.xsd">
  <leader>01867cas  2200481 a 4500</leader>
  <controlfield tag="001">020702225</controlfield>
  <datafield tag="245" ind1="1" ind2="0">
    <subfield code="a">Mayo Clinic Proceedings</subfield>
    <subfield code="h">[electronic resource].</subfield>
  </datafield>
  <datafield tag="500" ind1=" " ind2=" ">
    <subfield code="a">Latest issue consulted: Vol. 83(9) (Sept. 2008) (Ovid Web site, viewed Oct. 14, 2008).</subfield>
    <subfield code="5">FBoU</subfield>
  </datafield>
  <datafield tag="500" ind1=" " ind2=" ">
    <subfield code="a">Description based on: Vol. 70, no. 1 (Jan. 1995); title from available issues screen (viewed Aug. 19, 2002).</subfield>
    <subfield code="5">FBoU</subfield>
  </datafield>
</record>