

<record xmlns="http://www.loc.gov/MARC21/slim"
xmlns:xsi="http://www.w3.org/2001/XMLSchema-instance"
xsi:schemaLocation="http://www.loc.gov/MARC21/slim
http://www.loc.gov/standards/marcxml/schema/MARC21slim.xsd">
  <leader>00750nas  2200277I  4500</leader>
  <controlfield tag="001">023545601</controlfield>
  <datafield tag="245" ind1="0" ind2="0">
    <subfield code="a">Current pediatric therapy.</subfield>
  </datafield>
  <datafield tag="500" ind1=" " ind2=" ">
    <subfield code="a">Editors: 1964-1990 S.S. Gellis and B.M. Kagan.</subfield>
    <subfield code="5">FTaSU</subfield>
  </datafield>
  <datafield tag="590" ind1=" " ind2=" ">
    <subfield code="a">Volume 4 : Library sticker covers up her handwritten note and signature.</subfield>
    <subfield code="5">FTaSU</subfield>
  </datafield>
  <datafield tag="590" ind1=" " ind2=" ">
    <subfield code="a">Donated by Dr. Charlotte Maguire.</subfield>
    <subfield code="5">FTaSU</subfield>
  </datafield>
  <datafield tag="590" ind1=" " ind2=" ">
    <subfield code="a">Dr. Maguire’s personal papers in Special Collections, FSU Libraries.</subfield>
    <subfield code="5">FTaSU</subfield>
  </datafield>
  <datafield tag="500" ind1=" " ind2=" ">
    <subfield code="a">Editors: 1964- S.S. Gellis and B. M. Kagan.</subfield>
    <subfield code="5">FJUNF</subfield>
  </datafield>
</record>