

<record xmlns="http://www.loc.gov/MARC21/slim"
xmlns:xsi="http://www.w3.org/2001/XMLSchema-instance"
xsi:schemaLocation="http://www.loc.gov/MARC21/slim
http://www.loc.gov/standards/marcxml/schema/MARC21slim.xsd">
  <leader>02056cas  22005177a 4500</leader>
  <controlfield tag="001">028064127</controlfield>
  <datafield tag="245" ind1="0" ind2="0">
    <subfield code="a">Medical care</subfield>
    <subfield code="h">[electronic resource].</subfield>
  </datafield>
  <datafield tag="500" ind1=" " ind2=" ">
    <subfield code="a">Imprint varies; published: Philadelphia : J. B. Lippincott, 1967-June 1995; by Lippincott-Raven, July 1995-Aug. 1998; by Lippincott Williams &amp; Wilkins, Sept. 1998-</subfield>
    <subfield code="5">FBoU</subfield>
    <subfield code="5">FOFT</subfield>
  </datafield>
  <datafield tag="500" ind1=" " ind2=" ">
    <subfield code="a">Latest issue consulted: Vol. 44, no. 2 (Feb. 2006) (LWWOnline, viewed Feb. 8, 2006).</subfield>
    <subfield code="5">FBoU</subfield>
  </datafield>
  <datafield tag="500" ind1=" " ind2=" ">
    <subfield code="a">Title from journal homepage screen (JSTOR, viewed on Aug. 29, 2008).</subfield>
    <subfield code="5">FOFT</subfield>
  </datafield>
  <datafield tag="500" ind1=" " ind2=" ">
    <subfield code="a">Title from title screen.</subfield>
    <subfield code="5">FTS</subfield>
    <subfield code="5">FU</subfield>
  </datafield>
  <datafield tag="500" ind1=" " ind2=" ">
    <subfield code="a">Title from cover (JSTOR, viewed Mar. 14, 2007).</subfield>
    <subfield code="5">FBoU</subfield>
  </datafield>
  <datafield tag="500" ind1=" " ind2=" ">
    <subfield code="a">Latest issue consulted: Vol. 39, no. 1 (Jan. 2001).</subfield>
    <subfield code="5">FU</subfield>
  </datafield>
  <datafield tag="590" ind1=" " ind2=" ">
    <subfield code="a">Access only available inside the Moffitt computer network.</subfield>
    <subfield code="5">FTS</subfield>
  </datafield>
</record>