

<record xmlns="http://www.loc.gov/MARC21/slim"
xmlns:xsi="http://www.w3.org/2001/XMLSchema-instance"
xsi:schemaLocation="http://www.loc.gov/MARC21/slim
http://www.loc.gov/standards/marcxml/schema/MARC21slim.xsd">
  <leader>02995cas a2200673 a 4500</leader>
  <controlfield tag="001">020728239</controlfield>
  <datafield tag="245" ind1="1" ind2="0">
    <subfield code="a">Plastic and reconstructive surgery</subfield>
    <subfield code="h">[electronic resource] :</subfield>
    <subfield code="b">Journal of the American Society of Plastic Surgeons.</subfield>
  </datafield>
  <datafield tag="500" ind1=" " ind2=" ">
    <subfield code="a">&quot;Official Organ of the American Association of Plastic Surgeons, American Society for Aesthetic Plastic Surgery, Inc., and American Society of Maxilofacial Surgions.&quot;</subfield>
  </datafield>
  <datafield tag="500" ind1=" " ind2=" ">
    <subfield code="a">Description based on: Vol. 101, no. 1 (Jan. 1998); title from banner (viewed Dec. 07, 2001).</subfield>
    <subfield code="5">FBoU</subfield>
    <subfield code="5">FTS</subfield>
  </datafield>
  <datafield tag="500" ind1=" " ind2=" ">
    <subfield code="a">&quot;Official Organ of the American Association of Plastic Surgeons, American Society for Aesthetic Plastic Surgery, Inc., and American Society of Maxilofacial Surgions.&quot;</subfield>
    <subfield code="5">FTaSU</subfield>
    <subfield code="5">FBoU</subfield>
    <subfield code="5">FTS</subfield>
  </datafield>
  <datafield tag="500" ind1=" " ind2=" ">
    <subfield code="a">&quot;Official Organ of the American Association of Plastic Surgeons, American Society for Aesthetic Plastic Surgery, Inc., and American Society of Maxilofacial Surgions.&quot;</subfield>
    <subfield code="5">FTaSU</subfield>
    <subfield code="5">FBoU</subfield>
    <subfield code="5">FTS</subfield>
  </datafield>
  <datafield tag="500" ind1=" " ind2=" ">
    <subfield code="a">Latest issue consulted: Vol. 108, no. 6 (Nov. 2001).</subfield>
    <subfield code="5">FTS</subfield>
  </datafield>
</record>