

<record xmlns="http://www.loc.gov/MARC21/slim"
xmlns:xsi="http://www.w3.org/2001/XMLSchema-instance"
xsi:schemaLocation="http://www.loc.gov/MARC21/slim
http://www.loc.gov/standards/marcxml/schema/MARC21slim.xsd">
  <leader>01436cas  2200349Ia 4500</leader>
  <controlfield tag="001">020940697</controlfield>
  <datafield tag="245" ind1="0" ind2="0">
    <subfield code="a">Radiologic clinics of North America</subfield>
    <subfield code="h">[electronic resource].</subfield>
  </datafield>
  <datafield tag="500" ind1=" " ind2=" ">
    <subfield code="a">Latest issue consulted: Vol. 43, Issue 5 (Sept. 2005); (Elsevier&apos;s TheClinics website, viewed Sept. 7, 2005).</subfield>
    <subfield code="5">FBoU</subfield>
  </datafield>
  <datafield tag="500" ind1=" " ind2=" ">
    <subfield code="a">Description based on: Vol. 36, no. 1(Jan. 1998); title from journal information screens as viewed Sept. 23, 2000.</subfield>
    <subfield code="5">FBoU</subfield>
    <subfield code="5">FTaSU</subfield>
  </datafield>
  <datafield tag="500" ind1=" " ind2=" ">
    <subfield code="a">Each issue has distinctive title.</subfield>
    <subfield code="5">FBoU</subfield>
  </datafield>
</record>