

<record xmlns="http://www.loc.gov/MARC21/slim"
xmlns:xsi="http://www.w3.org/2001/XMLSchema-instance"
xsi:schemaLocation="http://www.loc.gov/MARC21/slim
http://www.loc.gov/standards/marcxml/schema/MARC21slim.xsd">
  <leader>     cas  2201009 a 4500</leader>
  <controlfield tag="001">027009875</controlfield>
  <datafield tag="245" ind1="1" ind2="0">
    <subfield code="a">American journal of diseases of children</subfield>
    <subfield code="h">[electronic resource].</subfield>
  </datafield>
  <datafield tag="500" ind1=" " ind2=" ">
    <subfield code="a">Description based on: Vol. 152, no. 1 (1998); title from journal directory (Galenet, viewed Sept. 26, 2011).</subfield>
    <subfield code="5">FOFT</subfield>
  </datafield>
  <datafield tag="500" ind1=" " ind2=" ">
    <subfield code="a">At head of title: AJDC &lt;Jan. 1984-Dec. 1990&gt;</subfield>
    <subfield code="5">FOFT</subfield>
  </datafield>
</record>