

<record xmlns="http://www.loc.gov/MARC21/slim"
xmlns:xsi="http://www.w3.org/2001/XMLSchema-instance"
xsi:schemaLocation="http://www.loc.gov/MARC21/slim
http://www.loc.gov/standards/marcxml/schema/MARC21slim.xsd">
  <leader>00000cas  2200469   4500</leader>
  <controlfield tag="001">026472659</controlfield>
  <datafield tag="245" ind1="0" ind2="0">
    <subfield code="a">Archives of ophthalmology.</subfield>
  </datafield>
  <datafield tag="500" ind1=" " ind2=" ">
    <subfield code="a">Title from cover.</subfield>
    <subfield code="5">FOFT</subfield>
    <subfield code="5">FTaFA</subfield>
  </datafield>
  <datafield tag="590" ind1=" " ind2=" ">
    <subfield code="a">Ophthalmology</subfield>
    <subfield code="5">FTS</subfield>
  </datafield>
</record>