

<record xmlns="http://www.loc.gov/MARC21/slim"
xmlns:xsi="http://www.w3.org/2001/XMLSchema-instance"
xsi:schemaLocation="http://www.loc.gov/MARC21/slim
http://www.loc.gov/standards/marcxml/schema/MARC21slim.xsd">
  <leader>00000nam  2200145u  4500</leader>
  <controlfield tag="001">029458352</controlfield>
  <datafield tag="245" ind1="1" ind2="4">
    <subfield code="a">The ethics of medical practice.</subfield>
  </datafield>
</record>