

<record xmlns="http://www.loc.gov/MARC21/slim"
xmlns:xsi="http://www.w3.org/2001/XMLSchema-instance"
xsi:schemaLocation="http://www.loc.gov/MARC21/slim
http://www.loc.gov/standards/marcxml/schema/MARC21slim.xsd">
  <leader>02199cas  22005537a 4500</leader>
  <controlfield tag="001">022907202</controlfield>
  <datafield tag="245" ind1="1" ind2="4">
    <subfield code="a">The journal of thoracic and cardiovascular surgery</subfield>
    <subfield code="h">[electronic resource].</subfield>
  </datafield>
  <datafield tag="500" ind1=" " ind2=" ">
    <subfield code="a">Description based on: Vol. 107, no. 1 (Jan. 1994); title from contents screen (viewed Dec. 4, 2000).</subfield>
    <subfield code="5">FU</subfield>
    <subfield code="5">FBoU</subfield>
    <subfield code="5">FTS</subfield>
    <subfield code="5">FMFIU</subfield>
  </datafield>
  <datafield tag="500" ind1=" " ind2=" ">
    <subfield code="a">Description based on: Vol. 109, no. 1 (Jan. 1995); title from journal homepage screen (ScienceDirect, viewed Oct. 16, 2006).</subfield>
    <subfield code="5">FOFT</subfield>
  </datafield>
  <datafield tag="590" ind1=" " ind2=" ">
    <subfield code="a">Access only available inside the Moffitt computer network.</subfield>
    <subfield code="5">FTS</subfield>
  </datafield>
</record>