

<record xmlns="http://www.loc.gov/MARC21/slim"
xmlns:xsi="http://www.w3.org/2001/XMLSchema-instance"
xsi:schemaLocation="http://www.loc.gov/MARC21/slim
http://www.loc.gov/standards/marcxml/schema/MARC21slim.xsd">
  <leader>01554cam  22003491  4500</leader>
  <controlfield tag="001">020244542</controlfield>
  <datafield tag="245" ind1="1" ind2="4">
    <subfield code="a">The Ciba collection of medical illustrations:</subfield>
    <subfield code="b">a compilation of pathological and anatomical paintings.</subfield>
  </datafield>
  <datafield tag="500" ind1=" " ind2=" ">
    <subfield code="a">Library has illustrations for vols. in slide form shelved in Reserve area.</subfield>
    <subfield code="5">FU</subfield>
  </datafield>
  <datafield tag="500" ind1=" " ind2=" ">
    <subfield code="a">&quot;Completely updated and rewritten&quot; - pref.</subfield>
    <subfield code="5">FPeU</subfield>
    <subfield code="5">FTS</subfield>
  </datafield>
  <datafield tag="500" ind1=" " ind2=" ">
    <subfield code="a">LIBRARY SYSTEM has: B v.1-7.</subfield>
    <subfield code="5">FTaFA</subfield>
  </datafield>
  <datafield tag="500" ind1=" " ind2=" ">
    <subfield code="a">Includes rev. editions of some vols.</subfield>
    <subfield code="5">FFmFGC</subfield>
    <subfield code="5">FJUNF</subfield>
    <subfield code="5">FMFIU</subfield>
  </datafield>
  <datafield tag="500" ind1=" " ind2=" ">
    <subfield code="a">Vol. 8 (pt.1-3) published by CIBA-GEIGY Corporation.</subfield>
    <subfield code="5">FTS</subfield>
  </datafield>
  <datafield tag="500" ind1=" " ind2=" ">
    <subfield code="a">Vols. 1-3 issued by Ciba Pharmaceutical Products; v. 4.- by Ciba Pharmaceutical Company.</subfield>
    <subfield code="5">FTaSU</subfield>
    <subfield code="5">FU</subfield>
  </datafield>
  <datafield tag="500" ind1=" " ind2=" ">
    <subfield code="a">Volume 1, part 1 is &quot;the first of what is intended to be a series of new editions&quot; - foreword.</subfield>
    <subfield code="5">FPeU</subfield>
    <subfield code="5">FTS</subfield>
  </datafield>
</record>