

<record xmlns="http://www.loc.gov/MARC21/slim"
xmlns:xsi="http://www.w3.org/2001/XMLSchema-instance"
xsi:schemaLocation="http://www.loc.gov/MARC21/slim
http://www.loc.gov/standards/marcxml/schema/MARC21slim.xsd">
  <leader>02173cas  2200601 a 4500</leader>
  <controlfield tag="001">022840057</controlfield>
  <datafield tag="245" ind1="1" ind2="4">
    <subfield code="a">The American journal of cardiology</subfield>
    <subfield code="h">[electronic resource].</subfield>
  </datafield>
  <datafield tag="500" ind1=" " ind2=" ">
    <subfield code="a">Description based on: Vol. 75, no. 1 (1995); title from journal archive screen (Wiley InterScience, viewed Sept. 21, 2010).</subfield>
    <subfield code="5">FOFT</subfield>
  </datafield>
  <datafield tag="500" ind1=" " ind2=" ">
    <subfield code="a">Description based on: Vol. 79, issue 1 (Jan. 1, 1997); title from general information screen (viewed June 8, 1998).</subfield>
    <subfield code="5">FU</subfield>
  </datafield>
  <datafield tag="500" ind1=" " ind2=" ">
    <subfield code="a">Description based on: Vol 75, no. 1 (1 Jan. 1995); title from general information screen (viewed 17 March 2005).</subfield>
  </datafield>
  <datafield tag="500" ind1=" " ind2=" ">
    <subfield code="a">Latest issue consulted: Vol. 95, issue 5 (1 Mar. 2005), viewed Feb. 25, 2005.</subfield>
    <subfield code="5">FBoU</subfield>
  </datafield>
  <datafield tag="500" ind1=" " ind2=" ">
    <subfield code="a">Description based on: Vol. 75, issue 1 (1 Jan. 1995); title from contents screen (ScienceDirect, viewed Feb. 25, 2005).</subfield>
    <subfield code="5">FBoU</subfield>
  </datafield>
</record>