

<record xmlns="http://www.loc.gov/MARC21/slim"
xmlns:xsi="http://www.w3.org/2001/XMLSchema-instance"
xsi:schemaLocation="http://www.loc.gov/MARC21/slim
http://www.loc.gov/standards/marcxml/schema/MARC21slim.xsd">
  <leader>01478cas  22004094  4500</leader>
  <controlfield tag="001">020628241</controlfield>
  <datafield tag="245" ind1="1" ind2="0">
    <subfield code="a">Clinical obstetrics and gynecology</subfield>
    <subfield code="h">[electronic resource].</subfield>
  </datafield>
  <datafield tag="500" ind1=" " ind2=" ">
    <subfield code="a">Title from the screen (viewed Aug. 11, 2003).</subfield>
    <subfield code="5">FBoU</subfield>
  </datafield>
  <datafield tag="500" ind1=" " ind2=" ">
    <subfield code="a">Title from the Ovid&apos;s site (viewed Aug. 11, 2003).</subfield>
    <subfield code="5">FTaSU</subfield>
  </datafield>
</record>