

<record xmlns="http://www.loc.gov/MARC21/slim"
xmlns:xsi="http://www.w3.org/2001/XMLSchema-instance"
xsi:schemaLocation="http://www.loc.gov/MARC21/slim
http://www.loc.gov/standards/marcxml/schema/MARC21slim.xsd">
  <leader>00000nas  22004574  4500</leader>
  <controlfield tag="001">020607914</controlfield>
  <datafield tag="245" ind1="0" ind2="0">
    <subfield code="a">Anesthesia and analgesia</subfield>
    <subfield code="h">[electronic resource].</subfield>
  </datafield>
  <datafield tag="500" ind1=" " ind2=" ">
    <subfield code="a">Title from the Ovid&apos;s title page (viewed August 1, 2003).</subfield>
    <subfield code="5">FTaSU</subfield>
  </datafield>
  <datafield tag="500" ind1=" " ind2=" ">
    <subfield code="a">Published by Lippincott Williams &amp; Wilkins, Baltimore, MD :1998-</subfield>
    <subfield code="5">FTaSU</subfield>
  </datafield>
  <datafield tag="500" ind1=" " ind2=" ">
    <subfield code="a">Title from issue table of contents page (Ovid Web site, viewed Feb. 29, 2008).</subfield>
    <subfield code="5">FBoU</subfield>
  </datafield>
  <datafield tag="500" ind1=" " ind2=" ">
    <subfield code="a">Latest issue consulted: Vol. 106(3) (Mar. 2008) (viewed Feb. 29, 2008).</subfield>
    <subfield code="5">FBoU</subfield>
  </datafield>
</record>