

<record xmlns="http://www.loc.gov/MARC21/slim"
xmlns:xsi="http://www.w3.org/2001/XMLSchema-instance"
xsi:schemaLocation="http://www.loc.gov/MARC21/slim
http://www.loc.gov/standards/marcxml/schema/MARC21slim.xsd">
  <leader>01562cas  2200409Ka 4500</leader>
  <controlfield tag="001">020714247</controlfield>
  <datafield tag="245" ind1="0" ind2="0">
    <subfield code="a">American journal of gastroenterology</subfield>
    <subfield code="h">[electronic resource].</subfield>
  </datafield>
  <datafield tag="500" ind1=" " ind2=" ">
    <subfield code="a">Imprint varies &lt;, Jan. 1982-&gt;: Baltimore, Md. : American College of Gastroenterology; Amsterdam ; New York : Elsevier; 2004- Oxford ; Malden, MA : Blackwell.</subfield>
    <subfield code="5">FMFIU</subfield>
  </datafield>
  <datafield tag="500" ind1=" " ind2=" ">
    <subfield code="a">Description based on: Vol. 93, issue 1 (Jan. 1998); title from issue table of contents (Elsevier ScienceDirect website, viewed Jan. 14, 2004).</subfield>
    <subfield code="5">FBoU</subfield>
    <subfield code="5">FOFT</subfield>
  </datafield>
  <datafield tag="500" ind1=" " ind2=" ">
    <subfield code="a">Latest issue consulted: Vol. 103, issue 7 (July 2008) (Wiley Interscience, viewed July 28, 2008).</subfield>
    <subfield code="5">FBoU</subfield>
    <subfield code="5">FOFT</subfield>
  </datafield>
  <datafield tag="500" ind1=" " ind2=" ">
    <subfield code="a">Latest issue consulted: Vol. 99, issue 9 (Sept. 2004) (viewed Aug. 26, 2004).</subfield>
    <subfield code="5">FMFIU</subfield>
  </datafield>
  <datafield tag="500" ind1=" " ind2=" ">
    <subfield code="a">Published: [Malden, MA ; Oxford] : Blackwell, 2004-</subfield>
    <subfield code="5">FBoU</subfield>
    <subfield code="5">FOFT</subfield>
  </datafield>
  <datafield tag="500" ind1=" " ind2=" ">
    <subfield code="a">Description based on: Vol. 98, issue 1 (Jan. 2003); title from issue contents screen (Blackwell Synergy, viewed Aug. 26, 2004).</subfield>
    <subfield code="5">FMFIU</subfield>
  </datafield>
</record>