

<record xmlns="http://www.loc.gov/MARC21/slim"
xmlns:xsi="http://www.w3.org/2001/XMLSchema-instance"
xsi:schemaLocation="http://www.loc.gov/MARC21/slim
http://www.loc.gov/standards/marcxml/schema/MARC21slim.xsd">
  <leader>01547cas  2200409Ia 4500</leader>
  <controlfield tag="001">024950893</controlfield>
  <datafield tag="245" ind1="0" ind2="0">
    <subfield code="a">Disease-a-month (online)</subfield>
    <subfield code="h">[electronic resource].</subfield>
  </datafield>
  <datafield tag="500" ind1=" " ind2=" ">
    <subfield code="a">Description based on: Vol. 47, no. 1 (Jan. 2001); title from journal home page (viewed July 25, 2001).</subfield>
    <subfield code="5">FBoU</subfield>
    <subfield code="5">FU</subfield>
  </datafield>
  <datafield tag="500" ind1=" " ind2=" ">
    <subfield code="a">Description based on: Vol. 41, no. 1 (Jan. 1995); title from journal homepage screen (ScienceDirect, viewed June 29, 2006).</subfield>
    <subfield code="5">FOFT</subfield>
  </datafield>
  <datafield tag="500" ind1=" " ind2=" ">
    <subfield code="a">Title from MDC&apos;s title page (viewed Oct. 7, 2004).</subfield>
    <subfield code="5">FTaSU</subfield>
  </datafield>
</record>