

<record xmlns="http://www.loc.gov/MARC21/slim"
xmlns:xsi="http://www.w3.org/2001/XMLSchema-instance"
xsi:schemaLocation="http://www.loc.gov/MARC21/slim
http://www.loc.gov/standards/marcxml/schema/MARC21slim.xsd">
  <leader>02914cas a2200637 a 4500</leader>
  <controlfield tag="001">021299898</controlfield>
  <datafield tag="245" ind1="1" ind2="0">
    <subfield code="a">Archives of physical medicine and rehabilitation</subfield>
    <subfield code="h">[electronic resource].</subfield>
  </datafield>
  <datafield tag="500" ind1=" " ind2=" ">
    <subfield code="a">Description based on: Vol. 77, no. 1 (Jan. 1996); title from table of contents (viewed Dec. 6, 2000).</subfield>
    <subfield code="5">FU</subfield>
    <subfield code="5">FTS</subfield>
  </datafield>
  <datafield tag="500" ind1=" " ind2=" ">
    <subfield code="a">Description based on: Vol. 77, no. 1 (Jan. 1996); title from table of contents (viewed Dec. 6, 2000).</subfield>
    <subfield code="5">FU</subfield>
    <subfield code="5">FTS</subfield>
  </datafield>
  <datafield tag="500" ind1=" " ind2=" ">
    <subfield code="a">Title from homepage (viewed Feb. 15,2010).</subfield>
    <subfield code="5">FTaSU</subfield>
  </datafield>
  <datafield tag="500" ind1=" " ind2=" ">
    <subfield code="a">Description based on: Vol. 76, no. 1 (1995); title from journal archive screen (Wiley InterScience, viewed Sept. 23, 2010).</subfield>
    <subfield code="5">FOFT</subfield>
  </datafield>
</record>