

<record xmlns="http://www.loc.gov/MARC21/slim"
xmlns:xsi="http://www.w3.org/2001/XMLSchema-instance"
xsi:schemaLocation="http://www.loc.gov/MARC21/slim
http://www.loc.gov/standards/marcxml/schema/MARC21slim.xsd">
  <leader>02542cas a2200565 a 4500</leader>
  <controlfield tag="001">020903045</controlfield>
  <datafield tag="245" ind1="1" ind2="0">
    <subfield code="a">Journal of the American Geriatrics Society(Online)</subfield>
    <subfield code="h">[electronic resource].</subfield>
  </datafield>
  <datafield tag="500" ind1=" " ind2=" ">
    <subfield code="a">Description based on: Vol. 49, issue 3 (Mar. 2001); title from table of contents page (viewed on Apr. 3, 2001).</subfield>
    <subfield code="5">FBoU</subfield>
  </datafield>
  <datafield tag="500" ind1=" " ind2=" ">
    <subfield code="a">Title from table of contents page (viewed Sep. 19, 2003).</subfield>
    <subfield code="5">FTaSU</subfield>
  </datafield>
</record>