

<record xmlns="http://www.loc.gov/MARC21/slim"
xmlns:xsi="http://www.w3.org/2001/XMLSchema-instance"
xsi:schemaLocation="http://www.loc.gov/MARC21/slim
http://www.loc.gov/standards/marcxml/schema/MARC21slim.xsd">
  <leader>     cas  2200385 a 4500</leader>
  <controlfield tag="001">024713643</controlfield>
  <datafield tag="245" ind1="1" ind2="4">
    <subfield code="a">The American journal of tropical medicine and hygiene</subfield>
    <subfield code="h">[electronic resource] :</subfield>
    <subfield code="b">official journal of the American Society of Tropical Medicine and Hygiene.</subfield>
  </datafield>
  <datafield tag="500" ind1=" " ind2=" ">
    <subfield code="a">Description based on: Vol. 58, 1 (Jan. 1998); title from banner (publisher&apos;s Web site viewed on May 19, 2006).</subfield>
    <subfield code="5">FPeU</subfield>
    <subfield code="5">FBoU</subfield>
  </datafield>
  <datafield tag="500" ind1=" " ind2=" ">
    <subfield code="a">Stanford University Libraries&apos; HighWire Press assists in the publication of AJTMH Online.</subfield>
    <subfield code="5">FPeU</subfield>
  </datafield>
  <datafield tag="500" ind1=" " ind2=" ">
    <subfield code="a">Latest issue consulted: Vol. 74, issue 5 (May 2006) (publisher&apos;s Web site viewed on May 19, 2006).</subfield>
    <subfield code="5">FBoU</subfield>
  </datafield>
</record>