

<record xmlns="http://www.loc.gov/MARC21/slim"
xmlns:xsi="http://www.w3.org/2001/XMLSchema-instance"
xsi:schemaLocation="http://www.loc.gov/MARC21/slim
http://www.loc.gov/standards/marcxml/schema/MARC21slim.xsd">
  <leader>01755cas a22004457a 4500</leader>
  <controlfield tag="001">024718553</controlfield>
  <datafield tag="245" ind1="1" ind2="0">
    <subfield code="a">Tropical medicine &amp; hygiene news</subfield>
    <subfield code="h">[electronic resource] :</subfield>
    <subfield code="b">ASTMH Newsletter.</subfield>
  </datafield>
  <datafield tag="500" ind1=" " ind2=" ">
    <subfield code="a">Latest issue consulted: Feb. 2004.</subfield>
    <subfield code="5">FTS</subfield>
  </datafield>
  <datafield tag="500" ind1=" " ind2=" ">
    <subfield code="a">Description based on: Feb. 2000; title from issue contents page (publisher&apos;s web site, viewed Sept. 10, 2003).</subfield>
    <subfield code="5">FTS</subfield>
  </datafield>
  <datafield tag="500" ind1=" " ind2=" ">
    <subfield code="a">Latest issue consulted: May 2003.</subfield>
    <subfield code="5">FMFIU</subfield>
  </datafield>
  <datafield tag="500" ind1=" " ind2=" ">
    <subfield code="a">Description based on: Feb. 2000; title from issue contents page (HTML, viewed Sept. 10, 2003).</subfield>
    <subfield code="5">FMFIU</subfield>
  </datafield>
  <datafield tag="500" ind1=" " ind2=" ">
    <subfield code="a">Title from Society&apos;s title page (viewed May 5, 2004).</subfield>
    <subfield code="5">FTaSU</subfield>
  </datafield>
</record>