

<record xmlns="http://www.loc.gov/MARC21/slim"
xmlns:xsi="http://www.w3.org/2001/XMLSchema-instance"
xsi:schemaLocation="http://www.loc.gov/MARC21/slim
http://www.loc.gov/standards/marcxml/schema/MARC21slim.xsd">
  <leader>     cas  2200469Ia 4500</leader>
  <controlfield tag="001">020885127</controlfield>
  <datafield tag="245" ind1="0" ind2="0">
    <subfield code="a">Angiology</subfield>
    <subfield code="h">[electronic resource].</subfield>
  </datafield>
  <datafield tag="500" ind1=" " ind2=" ">
    <subfield code="a">Published: [Thousand Oaks, Ca.] : Sage Publications, Aug./Sept. 2006-</subfield>
    <subfield code="5">FBoU</subfield>
    <subfield code="5">FMFIU</subfield>
  </datafield>
  <datafield tag="500" ind1=" " ind2=" ">
    <subfield code="a">Description based on Vol. 51, no. 7 (2000). Title from Publication overview screen (viewed Apr. 30, 2003).</subfield>
    <subfield code="5">FOFT</subfield>
  </datafield>
  <datafield tag="500" ind1=" " ind2=" ">
    <subfield code="a">Latest issue consulted: Vol. 58, no. 3 (June/July 2007); Sage Publications, viewed Aug. 27, 2007.</subfield>
    <subfield code="5">FMFIU</subfield>
  </datafield>
  <datafield tag="500" ind1=" " ind2=" ">
    <subfield code="a">Description based on: Vol. 55, no. 2 (Mar./Apr. 2004); title from issue contents page (Sage Publications, July, 27, 2007).</subfield>
    <subfield code="5">FMFIU</subfield>
  </datafield>
  <datafield tag="500" ind1=" " ind2=" ">
    <subfield code="a">Latest issue consulted: Vol. 57, no. 4 (Aug./Sept. 2006) (Sage website, viewed Oct. 10, 2006).</subfield>
    <subfield code="5">FBoU</subfield>
  </datafield>
  <datafield tag="500" ind1=" " ind2=" ">
    <subfield code="a">Description based on: Vol. 55, no. 2 (Mar./Apr. 2004); title from journal home page (Sage website, viewed Oct. 10, 2006).</subfield>
    <subfield code="5">FBoU</subfield>
  </datafield>
</record>