

<record xmlns="http://www.loc.gov/MARC21/slim"
xmlns:xsi="http://www.w3.org/2001/XMLSchema-instance"
xsi:schemaLocation="http://www.loc.gov/MARC21/slim
http://www.loc.gov/standards/marcxml/schema/MARC21slim.xsd">
  <leader>     cas  22005777a 4500</leader>
  <controlfield tag="001">027572461</controlfield>
  <datafield tag="245" ind1="1" ind2="0">
    <subfield code="a">Journal of bone and joint surgery.</subfield>
    <subfield code="p">American volume</subfield>
    <subfield code="h">[electronic resource].</subfield>
  </datafield>
  <datafield tag="500" ind1=" " ind2=" ">
    <subfield code="a">Access restricted.</subfield>
    <subfield code="5">FBoU</subfield>
  </datafield>
  <datafield tag="500" ind1=" " ind2=" ">
    <subfield code="a">Last four years plus current year available.</subfield>
    <subfield code="5">FBoU</subfield>
  </datafield>
</record>