

<record xmlns="http://www.loc.gov/MARC21/slim"
xmlns:xsi="http://www.w3.org/2001/XMLSchema-instance"
xsi:schemaLocation="http://www.loc.gov/MARC21/slim
http://www.loc.gov/standards/marcxml/schema/MARC21slim.xsd">
  <leader>00000cas  2200481   4500</leader>
  <controlfield tag="001">029597533</controlfield>
  <datafield tag="245" ind1="0" ind2="0">
    <subfield code="a">Journal of bone and joint surgery.</subfield>
    <subfield code="b">American volume.</subfield>
  </datafield>
</record>