

<record xmlns="http://www.loc.gov/MARC21/slim"
xmlns:xsi="http://www.w3.org/2001/XMLSchema-instance"
xsi:schemaLocation="http://www.loc.gov/MARC21/slim
http://www.loc.gov/standards/marcxml/schema/MARC21slim.xsd">
  <leader>02400cas a2200601 a 4500</leader>
  <controlfield tag="001">022840385</controlfield>
  <datafield tag="245" ind1="1" ind2="4">
    <subfield code="a">The American journal of medicine</subfield>
    <subfield code="h">[electronic resource].</subfield>
  </datafield>
  <datafield tag="500" ind1=" " ind2=" ">
    <subfield code="a">Description based on: Vol. 98, no. 1 (1995); title from journal archive screen (Wiley InterScience, viewed Sept. 24, 2010).</subfield>
    <subfield code="5">FOFT</subfield>
  </datafield>
  <datafield tag="500" ind1=" " ind2=" ">
    <subfield code="a">Latest issue consulted: Vol. 114, issue 8 (1 June 2003).</subfield>
    <subfield code="5">FMFIU</subfield>
  </datafield>
  <datafield tag="500" ind1=" " ind2=" ">
    <subfield code="a">Description based on: Vol. 98, issue 1 (Jan. 1995); title from caption (viewed June 17, 2003).</subfield>
    <subfield code="5">FMFIU</subfield>
  </datafield>
  <datafield tag="500" ind1=" " ind2=" ">
    <subfield code="a">Description based on: Vol. 102, issue 1 (Jan. 1997); title from general information screen (viewed June 8, 1998).</subfield>
    <subfield code="5">FU</subfield>
  </datafield>
</record>