

<record xmlns="http://www.loc.gov/MARC21/slim"
xmlns:xsi="http://www.w3.org/2001/XMLSchema-instance"
xsi:schemaLocation="http://www.loc.gov/MARC21/slim
http://www.loc.gov/standards/marcxml/schema/MARC21slim.xsd">
  <leader>00000cas  2200373I  4500</leader>
  <controlfield tag="001">025670869</controlfield>
  <datafield tag="245" ind1="0" ind2="0">
    <subfield code="a">Anaesthesia.</subfield>
  </datafield>
  <datafield tag="500" ind1=" " ind2=" ">
    <subfield code="a">Official journal of the Association of Anaesthetists of Great Britain and Ireland.</subfield>
    <subfield code="5">FU</subfield>
    <subfield code="5">FTS</subfield>
  </datafield>
  <datafield tag="500" ind1=" " ind2=" ">
    <subfield code="a">Index v.1-30 1946-75.</subfield>
    <subfield code="5">FTS</subfield>
  </datafield>
  <datafield tag="590" ind1=" " ind2=" ">
    <subfield code="a">Anesthesiology</subfield>
    <subfield code="5">FTS</subfield>
  </datafield>
</record>