

<record xmlns="http://www.loc.gov/MARC21/slim"
xmlns:xsi="http://www.w3.org/2001/XMLSchema-instance"
xsi:schemaLocation="http://www.loc.gov/MARC21/slim
http://www.loc.gov/standards/marcxml/schema/MARC21slim.xsd">
  <leader>     cas  2200409   4500</leader>
  <controlfield tag="001">021428247</controlfield>
  <datafield tag="245" ind1="0" ind2="0">
    <subfield code="a">Advances in pediatrics.</subfield>
  </datafield>
  <datafield tag="500" ind1=" " ind2=" ">
    <subfield code="a">Editor:1942-1946, A.G. De Sanctis.</subfield>
    <subfield code="5">FTaSU</subfield>
  </datafield>
  <datafield tag="500" ind1=" " ind2=" ">
    <subfield code="a">Editor: v. 1- A. G. De Sanctis.</subfield>
    <subfield code="5">FTaFA</subfield>
    <subfield code="5">FTS</subfield>
    <subfield code="5">FOFT</subfield>
  </datafield>
</record>