

<record xmlns="http://www.loc.gov/MARC21/slim"
xmlns:xsi="http://www.w3.org/2001/XMLSchema-instance"
xsi:schemaLocation="http://www.loc.gov/MARC21/slim
http://www.loc.gov/standards/marcxml/schema/MARC21slim.xsd">
  <leader>     cam  22003254  4500</leader>
  <controlfield tag="001">027794822</controlfield>
  <datafield tag="245" ind1="1" ind2="0">
    <subfield code="a">Anatomy of the human body,</subfield>
    <subfield code="c">by Henry Gray...</subfield>
  </datafield>
</record>