

<record xmlns="http://www.loc.gov/MARC21/slim"
xmlns:xsi="http://www.w3.org/2001/XMLSchema-instance"
xsi:schemaLocation="http://www.loc.gov/MARC21/slim
http://www.loc.gov/standards/marcxml/schema/MARC21slim.xsd">
  <leader>02280cas  2200565 a 4500</leader>
  <controlfield tag="001">030558056</controlfield>
  <datafield tag="245" ind1="0" ind2="0">
    <subfield code="a">Monographs of the Society for Research in Child Development.</subfield>
  </datafield>
  <datafield tag="500" ind1=" " ind2=" ">
    <subfield code="a">Published for the society by the University of Chicago Press, &lt;1984- &gt;</subfield>
    <subfield code="5">FU</subfield>
  </datafield>
</record>