

<record xmlns="http://www.loc.gov/MARC21/slim"
xmlns:xsi="http://www.w3.org/2001/XMLSchema-instance"
xsi:schemaLocation="http://www.loc.gov/MARC21/slim
http://www.loc.gov/standards/marcxml/schema/MARC21slim.xsd">
  <leader>01675cas  22004217a 4500</leader>
  <controlfield tag="001">022903026</controlfield>
  <datafield tag="245" ind1="0" ind2="4">
    <subfield code="a">The journal of pediatrics</subfield>
    <subfield code="h">[computer file].</subfield>
  </datafield>
  <datafield tag="500" ind1=" " ind2=" ">
    <subfield code="a">Description based on: Vol. 124, no. 1, p. 1 (Jan. 1994); title from table of contents (Publisher&apos;s website, viewed Mar. 9, 2001).</subfield>
    <subfield code="5">FU</subfield>
    <subfield code="5">FBoU</subfield>
  </datafield>
  <datafield tag="500" ind1=" " ind2=" ">
    <subfield code="a">Description based on: Vol. 8, no. 2 (winter 1993); title from journal archive screen (Wiley InterScience, viewed Sept. 24, 2010).</subfield>
    <subfield code="5">FOFT</subfield>
  </datafield>
</record>