

<record xmlns="http://www.loc.gov/MARC21/slim"
xmlns:xsi="http://www.w3.org/2001/XMLSchema-instance"
xsi:schemaLocation="http://www.loc.gov/MARC21/slim
http://www.loc.gov/standards/marcxml/schema/MARC21slim.xsd">
  <leader>01863cas a2200541 a 4500</leader>
  <controlfield tag="001">021421368</controlfield>
  <datafield tag="245" ind1="1" ind2="4">
    <subfield code="a">The British journal of radiology</subfield>
    <subfield code="h">[electronic resource] :</subfield>
    <subfield code="b">BJR.</subfield>
  </datafield>
  <datafield tag="500" ind1=" " ind2=" ">
    <subfield code="a">Description based on: Vol. 70, issue 829 (Jan. 1997); title from title screen (viewed July 19, 2001).</subfield>
    <subfield code="5">FU</subfield>
    <subfield code="5">FPeU</subfield>
    <subfield code="5">FBoU</subfield>
    <subfield code="5">FTS</subfield>
  </datafield>
  <datafield tag="500" ind1=" " ind2=" ">
    <subfield code="a">Description based on: Vol. 70, issue 829 (Jan. 1997); title from title screen (viewed July 19, 2001).</subfield>
    <subfield code="5">FU</subfield>
    <subfield code="5">FPeU</subfield>
    <subfield code="5">FBoU</subfield>
    <subfield code="5">FTS</subfield>
  </datafield>
  <datafield tag="500" ind1=" " ind2=" ">
    <subfield code="a">Description based on: Vol. 70, issue 829 (Jan. 1997); title from title screen (viewed July 19, 2001).</subfield>
    <subfield code="5">FU</subfield>
    <subfield code="5">FPeU</subfield>
    <subfield code="5">FBoU</subfield>
    <subfield code="5">FTS</subfield>
  </datafield>
  <datafield tag="500" ind1=" " ind2=" ">
    <subfield code="a">Latest issue consulted: Vol. 74, issue 882 (June 2001).</subfield>
    <subfield code="5">FU</subfield>
    <subfield code="5">FBoU</subfield>
    <subfield code="5">FTS</subfield>
  </datafield>
  <datafield tag="500" ind1=" " ind2=" ">
    <subfield code="a">Latest issue consulted: Vol. 74, issue 882 (June 2001).</subfield>
    <subfield code="5">FU</subfield>
    <subfield code="5">FBoU</subfield>
    <subfield code="5">FTS</subfield>
  </datafield>
</record>