

<record xmlns="http://www.loc.gov/MARC21/slim"
xmlns:xsi="http://www.w3.org/2001/XMLSchema-instance"
xsi:schemaLocation="http://www.loc.gov/MARC21/slim
http://www.loc.gov/standards/marcxml/schema/MARC21slim.xsd">
  <leader>02304cas a2200661 a 4500</leader>
  <controlfield tag="001">024714447</controlfield>
  <datafield tag="245" ind1="1" ind2="0">
    <subfield code="a">Annals of internal medicine</subfield>
    <subfield code="h">[electronic resource].</subfield>
  </datafield>
  <datafield tag="500" ind1=" " ind2=" ">
    <subfield code="a">Description based on: 15 July 1997.</subfield>
    <subfield code="5">FBoU</subfield>
    <subfield code="5">FTS</subfield>
  </datafield>
  <datafield tag="500" ind1=" " ind2=" ">
    <subfield code="a">Description based on: v. 118, no. 1 (Jan. 1993); title from journal homepage (ACP, viewed Mar. 19, 2008).</subfield>
    <subfield code="5">FPeU</subfield>
  </datafield>
  <datafield tag="500" ind1=" " ind2=" ">
    <subfield code="a">Description based on: Vol. 118, no. 1 (Jan. 1993); title from publication overview screen (AAA Digital Library, viewed July 7, 2009).</subfield>
    <subfield code="5">FOFT</subfield>
  </datafield>
</record>