

<record xmlns="http://www.loc.gov/MARC21/slim"
xmlns:xsi="http://www.w3.org/2001/XMLSchema-instance"
xsi:schemaLocation="http://www.loc.gov/MARC21/slim
http://www.loc.gov/standards/marcxml/schema/MARC21slim.xsd">
  <leader>02782cas a22006257a 4500</leader>
  <controlfield tag="001">022839867</controlfield>
  <datafield tag="245" ind1="1" ind2="0">
    <subfield code="a">American heart journal</subfield>
    <subfield code="h">[electronic resource] :</subfield>
    <subfield code="b">AHJ.</subfield>
  </datafield>
  <datafield tag="500" ind1=" " ind2=" ">
    <subfield code="a">Description based on: Vol. 129, no. 1 (1995); title from journal archive screen (Wiley InterScience, viewed Sept. 24, 2010).</subfield>
    <subfield code="5">FOFT</subfield>
  </datafield>
  <datafield tag="500" ind1=" " ind2=" ">
    <subfield code="a">Title from journal issues screen (viewed 2 Mar. 2005).</subfield>
    <subfield code="5">FTaSU</subfield>
  </datafield>
  <datafield tag="500" ind1=" " ind2=" ">
    <subfield code="a">Description based on: Vol. 134, no. 6 (Dec. 1997); title from title screen.</subfield>
    <subfield code="5">FU</subfield>
    <subfield code="5">FBoU</subfield>
    <subfield code="5">FMFIU</subfield>
  </datafield>
</record>