

<record xmlns="http://www.loc.gov/MARC21/slim"
xmlns:xsi="http://www.w3.org/2001/XMLSchema-instance"
xsi:schemaLocation="http://www.loc.gov/MARC21/slim
http://www.loc.gov/standards/marcxml/schema/MARC21slim.xsd">
  <leader>03002cas a2200649 a 4500</leader>
  <controlfield tag="001">025067834</controlfield>
  <datafield tag="245" ind1="1" ind2="0">
    <subfield code="a">Journal of the American Dietetic Association</subfield>
    <subfield code="h">[electronic resource].</subfield>
  </datafield>
  <datafield tag="500" ind1=" " ind2=" ">
    <subfield code="a">Latest issue consulted: Vol. 103, no. 12 (Dec. 2003); title from journal homepage (publisher&apos;s Web site, viewed Dec. 18, 2003).</subfield>
    <subfield code="5">FBoU</subfield>
  </datafield>
  <datafield tag="500" ind1=" " ind2=" ">
    <subfield code="a">Description based on: Vol. 89, no. 1 (1989); title from journal archive screen (Gale, viewed Sept. 28, 2010).</subfield>
    <subfield code="5">FOFT</subfield>
  </datafield>
  <datafield tag="500" ind1=" " ind2=" ">
    <subfield code="a">Description based on: Vol. 100, no. 1 (June 2000); title from journal homepage (UMI ProQuest, viewed Mar. 14, 2003).</subfield>
    <subfield code="5">FBoU</subfield>
  </datafield>
</record>