

<record xmlns="http://www.loc.gov/MARC21/slim"
xmlns:xsi="http://www.w3.org/2001/XMLSchema-instance"
xsi:schemaLocation="http://www.loc.gov/MARC21/slim
http://www.loc.gov/standards/marcxml/schema/MARC21slim.xsd">
  <leader>     cas  2200853 a 4500</leader>
  <controlfield tag="001">022852410</controlfield>
  <datafield tag="245" ind1="0" ind2="0">
    <subfield code="a">Journal of the American Dietetic Association.</subfield>
  </datafield>
  <datafield tag="500" ind1=" " ind2=" ">
    <subfield code="a">Supplements issued for and bound with some volumes.</subfield>
    <subfield code="5">FTaSU</subfield>
  </datafield>
  <datafield tag="500" ind1=" " ind2=" ">
    <subfield code="a">Vols. for published in Chicago.</subfield>
    <subfield code="5">FMFIU</subfield>
  </datafield>
  <datafield tag="590" ind1=" " ind2=" ">
    <subfield code="a">Nutrition</subfield>
    <subfield code="5">FTS</subfield>
  </datafield>
</record>