

<record xmlns="http://www.loc.gov/MARC21/slim"
xmlns:xsi="http://www.w3.org/2001/XMLSchema-instance"
xsi:schemaLocation="http://www.loc.gov/MARC21/slim
http://www.loc.gov/standards/marcxml/schema/MARC21slim.xsd">
  <leader>01205cas  22003611  4500</leader>
  <controlfield tag="001">020227366</controlfield>
  <datafield tag="245" ind1="0" ind2="0">
    <subfield code="a">Medicine</subfield>
    <subfield code="h">[electronic resource].</subfield>
  </datafield>
  <datafield tag="500" ind1=" " ind2=" ">
    <subfield code="a">Description and title from journal information screen as viewed Dec. 19, 1998.</subfield>
    <subfield code="5">FTS</subfield>
  </datafield>
  <datafield tag="500" ind1=" " ind2=" ">
    <subfield code="a">&quot;Analytical reviews of internal medicine, dermatology, neurology, pediatrics and psychiatry&quot; (varies).</subfield>
    <subfield code="5">FMFIU</subfield>
  </datafield>
  <datafield tag="500" ind1=" " ind2=" ">
    <subfield code="a">Title from journal information screen as viewed Dec. 19, 1998.</subfield>
    <subfield code="5">FBoU</subfield>
  </datafield>
</record>