

<record xmlns="http://www.loc.gov/MARC21/slim"
xmlns:xsi="http://www.w3.org/2001/XMLSchema-instance"
xsi:schemaLocation="http://www.loc.gov/MARC21/slim
http://www.loc.gov/standards/marcxml/schema/MARC21slim.xsd">
  <leader>00000cas  2200397u  4500</leader>
  <controlfield tag="001">030285676</controlfield>
  <datafield tag="245" ind1="0" ind2="4">
    <subfield code="a">The Writer&apos;s market.</subfield>
  </datafield>
</record>