

<record xmlns="http://www.loc.gov/MARC21/slim"
xmlns:xsi="http://www.w3.org/2001/XMLSchema-instance"
xsi:schemaLocation="http://www.loc.gov/MARC21/slim
http://www.loc.gov/standards/marcxml/schema/MARC21slim.xsd">
  <leader>02078cas a2200565 a 4500</leader>
  <controlfield tag="001">021421258</controlfield>
  <datafield tag="245" ind1="1" ind2="4">
    <subfield code="a">The American journal of psychiatry</subfield>
    <subfield code="h">[electronic resource].</subfield>
  </datafield>
  <datafield tag="500" ind1=" " ind2=" ">
    <subfield code="a">Description based on: Vol. 152, issue 1 (Jan. 1995); title from OVID available issues screen (viewed Nov. 2, 2000).</subfield>
    <subfield code="5">FTS</subfield>
  </datafield>
  <datafield tag="500" ind1=" " ind2=" ">
    <subfield code="a">Description based on: Vol. 152, issue 1 (Jan. 1995); title from ProQuest available issues screen (viewed Feb. 9, 1998).</subfield>
    <subfield code="5">FU</subfield>
  </datafield>
</record>