

<record xmlns="http://www.loc.gov/MARC21/slim"
xmlns:xsi="http://www.w3.org/2001/XMLSchema-instance"
xsi:schemaLocation="http://www.loc.gov/MARC21/slim
http://www.loc.gov/standards/marcxml/schema/MARC21slim.xsd">
  <leader>02621cas  2200613 a 4500</leader>
  <controlfield tag="001">028922978</controlfield>
  <datafield tag="245" ind1="1" ind2="4">
    <subfield code="a">The journal of urology</subfield>
    <subfield code="h">[electronic resource].</subfield>
  </datafield>
  <datafield tag="500" ind1=" " ind2=" ">
    <subfield code="a">Description based on: Vol. 162, no. 1 (July 1999); title from home page (viewed Nov. 2, 1999).</subfield>
    <subfield code="5">FTS</subfield>
  </datafield>
  <datafield tag="500" ind1=" " ind2=" ">
    <subfield code="a">Published: [New York?] : Elsevier, v. 175 (2006)-</subfield>
    <subfield code="5">FBoU</subfield>
  </datafield>
</record>