

<record xmlns="http://www.loc.gov/MARC21/slim"
xmlns:xsi="http://www.w3.org/2001/XMLSchema-instance"
xsi:schemaLocation="http://www.loc.gov/MARC21/slim
http://www.loc.gov/standards/marcxml/schema/MARC21slim.xsd">
  <leader>01622cas  22004337a 45 0</leader>
  <controlfield tag="001">024374209</controlfield>
  <datafield tag="245" ind1="1" ind2="0">
    <subfield code="a">Medical clinics of North America</subfield>
    <subfield code="h">[electronic resource].</subfield>
  </datafield>
  <datafield tag="500" ind1=" " ind2=" ">
    <subfield code="a">Latest issue consulted: v. 94, issue 2 (Mar. 2010) (MD Consult Web site, viewed Apr. 20, 2010).</subfield>
    <subfield code="5">FBoU</subfield>
  </datafield>
  <datafield tag="500" ind1=" " ind2=" ">
    <subfield code="a">Description based on: Vol. 89, issue 5. (Sept. 2005) (Elsevier&apos;s TheClinics website, viewed Sept. 13, 2005).</subfield>
    <subfield code="5">FBoU</subfield>
  </datafield>
  <datafield tag="500" ind1=" " ind2=" ">
    <subfield code="a">Publisher: Elsevier Health Sciences Division, &lt;2005-&gt;</subfield>
    <subfield code="5">FBoU</subfield>
  </datafield>
</record>