

<record xmlns="http://www.loc.gov/MARC21/slim"
xmlns:xsi="http://www.w3.org/2001/XMLSchema-instance"
xsi:schemaLocation="http://www.loc.gov/MARC21/slim
http://www.loc.gov/standards/marcxml/schema/MARC21slim.xsd">
  <leader>     cas  2200361Ka 4500</leader>
  <controlfield tag="001">025916094</controlfield>
  <datafield tag="245" ind1="1" ind2="0">
    <subfield code="a">Transactions of the Southern Surgical Association</subfield>
    <subfield code="h">[electronic resource].</subfield>
  </datafield>
  <datafield tag="500" ind1=" " ind2=" ">
    <subfield code="a">Published on behalf of the Southern Surgical Association.</subfield>
    <subfield code="5">FBoU</subfield>
  </datafield>
  <datafield tag="500" ind1=" " ind2=" ">
    <subfield code="a">Title from aggregator website (OVID, viewed on Jan. 11, 2005).</subfield>
    <subfield code="5">FBoU</subfield>
  </datafield>
  <datafield tag="500" ind1=" " ind2=" ">
    <subfield code="a">Latest issue consulted: Vol. 115 (2003).</subfield>
    <subfield code="5">FBoU</subfield>
  </datafield>
</record>