

<record xmlns="http://www.loc.gov/MARC21/slim"
xmlns:xsi="http://www.w3.org/2001/XMLSchema-instance"
xsi:schemaLocation="http://www.loc.gov/MARC21/slim
http://www.loc.gov/standards/marcxml/schema/MARC21slim.xsd">
  <leader>     cas  2200433 a 4500</leader>
  <controlfield tag="001">021286044</controlfield>
  <datafield tag="245" ind1="1" ind2="4">
    <subfield code="a">The journal of pharmacology and experimental therapeutics</subfield>
    <subfield code="h">[electronic resource].</subfield>
  </datafield>
  <datafield tag="500" ind1=" " ind2=" ">
    <subfield code="a">Description based on: 286 (1) (July 1998) (viewed Aug. 6, 1998); title from table of contents screen.</subfield>
    <subfield code="5">FBoU</subfield>
  </datafield>
  <datafield tag="500" ind1=" " ind2=" ">
    <subfield code="a">Also online: &lt;1965-1974&gt; table of contents only ; &lt;1975-1996&gt; abstracts.</subfield>
    <subfield code="5">FBoU</subfield>
  </datafield>
  <datafield tag="500" ind1=" " ind2=" ">
    <subfield code="a">Title from the screen (viewed Dec. 4, 2004).</subfield>
    <subfield code="5">FTaSU</subfield>
  </datafield>
  <datafield tag="500" ind1=" " ind2=" ">
    <subfield code="a">Full text coverage:v.1(1) (Jan. 1909)-</subfield>
    <subfield code="5">FTaSU</subfield>
  </datafield>
  <datafield tag="500" ind1=" " ind2=" ">
    <subfield code="a">Title from journal articles screen (Highwire, viewed on Nov. 24, 2009).</subfield>
    <subfield code="5">FOFT</subfield>
  </datafield>
  <datafield tag="500" ind1=" " ind2=" ">
    <subfield code="a">Published with the assistance of HighWire Press, the Internet imprint of the Stanford University Libraries.</subfield>
    <subfield code="5">FOFT</subfield>
    <subfield code="5">FBoU</subfield>
  </datafield>
  <datafield tag="500" ind1=" " ind2=" ">
    <subfield code="a">Title from issue table of contents screen (publisher&apos;s Web site, viewed June 29, 2006).</subfield>
    <subfield code="5">FPeU</subfield>
  </datafield>
  <datafield tag="500" ind1=" " ind2=" ">
    <subfield code="a">Place of publication varies.</subfield>
    <subfield code="5">FTaSU</subfield>
  </datafield>
</record>