

<record xmlns="http://www.loc.gov/MARC21/slim"
xmlns:xsi="http://www.w3.org/2001/XMLSchema-instance"
xsi:schemaLocation="http://www.loc.gov/MARC21/slim
http://www.loc.gov/standards/marcxml/schema/MARC21slim.xsd">
  <leader>02081cas a2200493 a 4500</leader>
  <controlfield tag="001">022841060</controlfield>
  <datafield tag="245" ind1="1" ind2="4">
    <subfield code="a">The American journal of surgery</subfield>
    <subfield code="h">[electronic resource].</subfield>
  </datafield>
  <datafield tag="500" ind1=" " ind2=" ">
    <subfield code="a">Latest issue consulted: Vol. 185, issue 6 (June 2003).</subfield>
    <subfield code="5">FMFIU</subfield>
  </datafield>
  <datafield tag="500" ind1=" " ind2=" ">
    <subfield code="a">Description based on: Vol. 169, issue 1 (Jan. 1995); title from caption (viewed June 17, 2003).</subfield>
    <subfield code="5">FMFIU</subfield>
  </datafield>
  <datafield tag="500" ind1=" " ind2=" ">
    <subfield code="a">Description based on: Vol. 173, issue 1 (Jan. 1997); title from general information screen (viewed June 8, 1998).</subfield>
    <subfield code="5">FU</subfield>
    <subfield code="5">FBoU</subfield>
    <subfield code="5">FOFT</subfield>
  </datafield>
</record>