

<record xmlns="http://www.loc.gov/MARC21/slim"
xmlns:xsi="http://www.w3.org/2001/XMLSchema-instance"
xsi:schemaLocation="http://www.loc.gov/MARC21/slim
http://www.loc.gov/standards/marcxml/schema/MARC21slim.xsd">
  <leader>     cas  2200829 a 4500</leader>
  <controlfield tag="001">023197756</controlfield>
  <datafield tag="245" ind1="0" ind2="4">
    <subfield code="a">The journal of infectious diseases :</subfield>
    <subfield code="b">official publication of the Infectious Diseases Society of America.</subfield>
  </datafield>
  <datafield tag="500" ind1=" " ind2=" ">
    <subfield code="a">Official publication of the Infectious Diseases Society of America</subfield>
    <subfield code="5">FPeU</subfield>
    <subfield code="5">FU</subfield>
    <subfield code="a">FTS</subfield>
  </datafield>
</record>