

<record xmlns="http://www.loc.gov/MARC21/slim"
xmlns:xsi="http://www.w3.org/2001/XMLSchema-instance"
xsi:schemaLocation="http://www.loc.gov/MARC21/slim
http://www.loc.gov/standards/marcxml/schema/MARC21slim.xsd">
  <leader>02148cas a2200577 a 4500</leader>
  <controlfield tag="001">023007125</controlfield>
  <datafield tag="245" ind1="1" ind2="0">
    <subfield code="a">British dental journal</subfield>
    <subfield code="h">[electronic resource] :</subfield>
    <subfield code="b">official journal of the British Dental Association : BDJ online.</subfield>
  </datafield>
  <datafield tag="500" ind1=" " ind2=" ">
    <subfield code="a">Description based on: Vol. 186, issue 1 (9 Jan. 1999); title from journal information screen (viewed Jan. 5, 2007).</subfield>
    <subfield code="5">FTaSU</subfield>
  </datafield>
  <datafield tag="500" ind1=" " ind2=" ">
    <subfield code="a">Description based on: Vol. 186, issue 1 (9 Jan. 1999); title from journal information screen (viewed Sept. 9, 2002).</subfield>
    <subfield code="5">FU</subfield>
    <subfield code="5">FTS</subfield>
  </datafield>
  <datafield tag="500" ind1=" " ind2=" ">
    <subfield code="a">Description based on: Vol. 186, issue 1 (9 Jan. 1999); title from journal information screen (viewed Sept. 9, 2002).</subfield>
    <subfield code="5">FU</subfield>
    <subfield code="5">FTS</subfield>
  </datafield>
</record>