

<record xmlns="http://www.loc.gov/MARC21/slim"
xmlns:xsi="http://www.w3.org/2001/XMLSchema-instance"
xsi:schemaLocation="http://www.loc.gov/MARC21/slim
http://www.loc.gov/standards/marcxml/schema/MARC21slim.xsd">
  <leader>03116cas a2200673 a 4500</leader>
  <controlfield tag="001">027573894</controlfield>
  <datafield tag="245" ind1="1" ind2="4">
    <subfield code="a">The American journal of nursing</subfield>
    <subfield code="h">[electronic resource].</subfield>
  </datafield>
  <datafield tag="500" ind1=" " ind2=" ">
    <subfield code="a">Title from cover (JSTOR, viewed Sept. 13, 2006).</subfield>
  </datafield>
  <datafield tag="500" ind1=" " ind2=" ">
    <subfield code="a">Imprint varies; published: Baltimore, Mary. : Waverly Press, Oct. 1913-Sept. 1917; Rochester, N.Y. and New York, N.Y. : American Journal of Nursing Co., Oct. 1917-Sept. 1996; New York, N.Y. : Lippincott-Raven Publishers, Oct. 1996-Aug. 1998; Lippincott Williams &amp; Wilkins, Sept. 1998-</subfield>
  </datafield>
  <datafield tag="500" ind1=" " ind2=" ">
    <subfield code="a">Imprint varies; published: Baltimore, Mary. : Waverly Press, Oct. 1913-Sept. 1917; Rochester, N.Y. and New York, N.Y. : American Journal of Nursing Co., Oct. 1917-Sept. 1996; New York, N.Y. : Lippincott-Raven Publishers, Oct. 1996-Aug. 1998; Lippincott Williams &amp; Wilkins, Sept. 1998-</subfield>
    <subfield code="5">FOFT</subfield>
    <subfield code="5">FTS</subfield>
  </datafield>
  <datafield tag="500" ind1=" " ind2=" ">
    <subfield code="a">Imprint varies; published: Baltimore, Mary. : Waverly Press, Oct. 1913-Sept. 1917; Rochester, N.Y. and New York, N.Y. : American Journal of Nursing Co., Oct. 1917-Sept. 1996; New York, N.Y. : Lippincott-Raven Publishers, Oct. 1996-Aug. 1998; Lippincott Williams &amp; Wilkins, Sept. 1998-</subfield>
    <subfield code="5">FOFT</subfield>
    <subfield code="5">FTS</subfield>
  </datafield>
  <datafield tag="500" ind1=" " ind2=" ">
    <subfield code="a">Latest issue consulted: Vol. 98, no. 12 (Dec. 1998) (JSTOR, viewed Sept. 13, 2006).</subfield>
    <subfield code="5">FTS</subfield>
  </datafield>
  <datafield tag="500" ind1=" " ind2=" ">
    <subfield code="a">Title from cover (JSTOR, viewed Sept. 13, 2006).</subfield>
    <subfield code="5">FTS</subfield>
  </datafield>
</record>