

<record xmlns="http://www.loc.gov/MARC21/slim"
xmlns:xsi="http://www.w3.org/2001/XMLSchema-instance"
xsi:schemaLocation="http://www.loc.gov/MARC21/slim
http://www.loc.gov/standards/marcxml/schema/MARC21slim.xsd">
  <leader>     cam  22003014  4500</leader>
  <controlfield tag="001">027793742</controlfield>
  <datafield tag="245" ind1="1" ind2="4">
    <subfield code="a">The student&apos;s medical dictionary;</subfield>
    <subfield code="b">including all the words and phrases generally used in medicine, with their proper pronunciation and definitions; based on recent medical literature,</subfield>
    <subfield code="c">by George M. Gould ...</subfield>
  </datafield>
  <datafield tag="590" ind1=" " ind2=" ">
    <subfield code="a">&quot;Senior Operator&quot; is stamped in purple ink underneath the List of Illustrations.</subfield>
    <subfield code="5">FTaSU</subfield>
  </datafield>
  <datafield tag="590" ind1=" " ind2=" ">
    <subfield code="a">Donated by Dr. Charlotte Maguire.</subfield>
    <subfield code="5">FTaSU</subfield>
  </datafield>
  <datafield tag="590" ind1=" " ind2=" ">
    <subfield code="a">Dr. Maguire’s personal papers in Special Collections, FSU Libraries.</subfield>
    <subfield code="5">FTaSU</subfield>
  </datafield>
</record>