

<record xmlns="http://www.loc.gov/MARC21/slim"
xmlns:xsi="http://www.w3.org/2001/XMLSchema-instance"
xsi:schemaLocation="http://www.loc.gov/MARC21/slim
http://www.loc.gov/standards/marcxml/schema/MARC21slim.xsd">
  <leader>02103cas  2200505 a 4500</leader>
  <controlfield tag="001">020599322</controlfield>
  <datafield tag="245" ind1="0" ind2="0">
    <subfield code="a">American journal of clinical oncology</subfield>
    <subfield code="h">[electronic resource] :</subfield>
    <subfield code="b">cancer clinical trials.</subfield>
  </datafield>
  <datafield tag="500" ind1=" " ind2=" ">
    <subfield code="a">Full text coverage:v.18(1) (Feb. 1996)-</subfield>
  </datafield>
  <datafield tag="500" ind1=" " ind2=" ">
    <subfield code="a">Description based on: Vol. 24, no. 1 (Feb. 2001); title from title screen (viewed July 24, 2001).</subfield>
    <subfield code="5">FTS</subfield>
    <subfield code="5">FU</subfield>
  </datafield>
  <datafield tag="500" ind1=" " ind2=" ">
    <subfield code="a">Title from homepage (Ovid&apos;s site viewed July 30, 2003).</subfield>
  </datafield>
  <datafield tag="500" ind1=" " ind2=" ">
    <subfield code="a">Currently published by Lippincott Williams &amp; Wilkins, Hagerstown, MD.</subfield>
  </datafield>
</record>