

<record xmlns="http://www.loc.gov/MARC21/slim"
xmlns:xsi="http://www.w3.org/2001/XMLSchema-instance"
xsi:schemaLocation="http://www.loc.gov/MARC21/slim
http://www.loc.gov/standards/marcxml/schema/MARC21slim.xsd">
  <leader>01786cas  2200445Ka 4500</leader>
  <controlfield tag="001">021324552</controlfield>
  <datafield tag="245" ind1="0" ind2="0">
    <subfield code="a">Journal of the National Cancer Institute</subfield>
    <subfield code="h">[electronic resource].</subfield>
    <subfield code="p">Monographs.</subfield>
  </datafield>
  <datafield tag="500" ind1=" " ind2=" ">
    <subfield code="a">Title from title screen.</subfield>
    <subfield code="5">FU</subfield>
    <subfield code="5">FPeU</subfield>
    <subfield code="5">FTS</subfield>
  </datafield>
  <datafield tag="500" ind1=" " ind2=" ">
    <subfield code="a">Title from publicaton homepage (publisher&apos;s website, viewed May 9, 2005).</subfield>
    <subfield code="5">FOFT</subfield>
  </datafield>
  <datafield tag="590" ind1=" " ind2=" ">
    <subfield code="a">Access only available inside the Moffitt computer network.</subfield>
    <subfield code="5">FTS</subfield>
  </datafield>
</record>