

<record xmlns="http://www.loc.gov/MARC21/slim"
xmlns:xsi="http://www.w3.org/2001/XMLSchema-instance"
xsi:schemaLocation="http://www.loc.gov/MARC21/slim
http://www.loc.gov/standards/marcxml/schema/MARC21slim.xsd">
  <leader>00000nas  2200373u  4500</leader>
  <controlfield tag="001">021274540</controlfield>
  <datafield tag="245" ind1="0" ind2="4">
    <subfield code="a">The Journal of experimental medicine</subfield>
    <subfield code="h">[electronic resource].</subfield>
  </datafield>
  <datafield tag="500" ind1=" " ind2=" ">
    <subfield code="a">Full text coverage:v.1(1) (Jan. 1896)-</subfield>
    <subfield code="5">FTaSU</subfield>
  </datafield>
  <datafield tag="500" ind1=" " ind2=" ">
    <subfield code="a">Title from the screen (viewed Dec.3 2003).</subfield>
    <subfield code="5">FTaSU</subfield>
  </datafield>
</record>