

<record xmlns="http://www.loc.gov/MARC21/slim"
xmlns:xsi="http://www.w3.org/2001/XMLSchema-instance"
xsi:schemaLocation="http://www.loc.gov/MARC21/slim
http://www.loc.gov/standards/marcxml/schema/MARC21slim.xsd">
  <leader>     cam  2200265I  4500</leader>
  <controlfield tag="001">022741738</controlfield>
  <datafield tag="245" ind1="1" ind2="0">
    <subfield code="a">Medical essays,</subfield>
    <subfield code="b">1842-1882,</subfield>
    <subfield code="c">by Oliver Wendell Holmes.</subfield>
  </datafield>
</record>