

<record xmlns="http://www.loc.gov/MARC21/slim"
xmlns:xsi="http://www.w3.org/2001/XMLSchema-instance"
xsi:schemaLocation="http://www.loc.gov/MARC21/slim
http://www.loc.gov/standards/marcxml/schema/MARC21slim.xsd">
  <leader>02480cas a2200625 a 4500</leader>
  <controlfield tag="001">024407486</controlfield>
  <datafield tag="245" ind1="1" ind2="0">
    <subfield code="a">American journal of ophthalmology</subfield>
    <subfield code="h">[electronic resource].</subfield>
  </datafield>
  <datafield tag="500" ind1=" " ind2=" ">
    <subfield code="a">Description based on: Vol. 125, no. 1 (1998); title from journal archive screen (Wiley InterScience, viewed Sept. 29, 2010).</subfield>
    <subfield code="5">FOFT</subfield>
  </datafield>
  <datafield tag="500" ind1=" " ind2=" ">
    <subfield code="a">Latest issue consulted: Vol. 135, issue 1 (June 2003).</subfield>
    <subfield code="5">FMFIU</subfield>
  </datafield>
  <datafield tag="500" ind1=" " ind2=" ">
    <subfield code="a">Description based on: Vol. 125, issue 1 (Jan. 1998); title from caption (viewed June 17, 2003).</subfield>
    <subfield code="5">FMFIU</subfield>
  </datafield>
  <datafield tag="500" ind1=" " ind2=" ">
    <subfield code="a">Description based on: Vol. 127, issue 4 (Apr. 1999); title from journal title screen (viewed on Apr. 28, 1999).</subfield>
    <subfield code="5">FBoU</subfield>
    <subfield code="5">FU</subfield>
  </datafield>
</record>