

<record xmlns="http://www.loc.gov/MARC21/slim"
xmlns:xsi="http://www.w3.org/2001/XMLSchema-instance"
xsi:schemaLocation="http://www.loc.gov/MARC21/slim
http://www.loc.gov/standards/marcxml/schema/MARC21slim.xsd">
  <leader>01625cas  2200421Ia 4500</leader>
  <controlfield tag="001">020710109</controlfield>
  <datafield tag="245" ind1="0" ind2="0">
    <subfield code="a">Nature</subfield>
    <subfield code="h">[electronic resource].</subfield>
  </datafield>
  <datafield tag="500" ind1=" " ind2=" ">
    <subfield code="a">Description based on: Vol. 385, no. 6612 (Jan. 9, 1997); title from title screen (viewed June 5, 2001).</subfield>
    <subfield code="5">FU</subfield>
    <subfield code="5">FTS</subfield>
    <subfield code="5">FBoU</subfield>
  </datafield>
  <datafield tag="500" ind1=" " ind2=" ">
    <subfield code="a">Latest issue consulted: Vol. 412, no. 6845 (26 July 2001).</subfield>
    <subfield code="5">FU</subfield>
    <subfield code="5">FBoU</subfield>
  </datafield>
  <datafield tag="500" ind1=" " ind2=" ">
    <subfield code="a">Title from homepage (viewed Jan. 4, 2007).</subfield>
    <subfield code="5">FTaSU</subfield>
  </datafield>
  <datafield tag="500" ind1=" " ind2=" ">
    <subfield code="a">Title from journal homepage screen (NPG, viewed on Apr. 19, 2011).</subfield>
    <subfield code="5">FOFT</subfield>
  </datafield>
  <datafield tag="590" ind1=" " ind2=" ">
    <subfield code="a">Access only available inside the Moffitt computer network.</subfield>
    <subfield code="5">FTS</subfield>
  </datafield>
</record>